timestamp,store,ons_item_no,ons_item_name,product_type,search_string,search_matches,product_name,item_price_str,item_price_num,volume_price,unit_price,no_units,units,std_price,std_unit,promo,offer
2015-11-19 05:00:05.080506,TESCO,310405,"Brandy, bottle",Brandy & Cognac,brandy,1.0,TESCO NAPOLEON BRANDY 1 LITRE,£16.00,16.0,(£16.00/l),16.0,1.0,l,16.0,l,,
2015-11-19 05:00:05.083281,TESCO,310405,"Brandy, bottle",Brandy & Cognac,brandy,0.0,COURVOISIER V.S. COGNAC 70CL,£20.00,20.0,(£28.58/l),28.58,1.0,l,28.58,l,SAVE £7.00 Was £27.00 Now £20.00 - all products for this offer,SAVE £7.00 Was £27.00 Now £20.00
2015-11-19 05:00:05.084887,TESCO,310405,"Brandy, bottle",Brandy & Cognac,brandy,1.0,TESCO NAPOLEON BRANDY 35CL,£7.00,7.0,(£20.00/l),20.0,1.0,l,20.0,l,,
2015-11-19 05:00:05.086292,TESCO,310405,"Brandy, bottle",Brandy & Cognac,brandy,1.0,TESCO EVERYDAY VALUE BRANDY 70CL,£11.00,11.0,(£15.72/l),15.72,1.0,l,15.72,l,,
2015-11-19 05:00:05.087714,TESCO,310405,"Brandy, bottle",Brandy & Cognac,brandy,1.0,THREE BARRELS BRANDY 70CL,£17.00,17.0,(£24.29/l),24.29,1.0,l,24.29,l,,
2015-11-19 05:00:05.089156,TESCO,310405,"Brandy, bottle",Brandy & Cognac,brandy,1.0,TESCO NAPOLEON BRANDY 70CL,£12.00,12.0,(£17.15/l),17.15,1.0,l,17.15,l,,
2015-11-19 05:00:05.090526,TESCO,310405,"Brandy, bottle",Brandy & Cognac,brandy,0.0,COURVOISIER V.S. COGNAC 1 LITRE,£34.00,34.0,(£34.00/l),34.0,1.0,l,34.0,l,,
2015-11-19 05:00:05.091901,TESCO,310405,"Brandy, bottle",Brandy & Cognac,brandy,0.0,MARTELL V.S. COGNAC 70CL,£20.00,20.0,(£28.58/l),28.58,1.0,l,28.58,l,SAVE £7.00 Was £27.00 Now £20.00 - all products for this offer,SAVE £7.00 Was £27.00 Now £20.00
2015-11-19 05:00:05.093449,TESCO,310405,"Brandy, bottle",Brandy & Cognac,brandy,1.0,THREE BARRELS BRANDY 1L,£20.00,20.0,(£20.00/l),20.0,1.0,l,20.0,l,SAVE £3.50 Was £23.50 Now £20.00 - all products for this offer,SAVE £3.50 Was £23.50 Now £20.00
2015-11-19 05:00:05.094912,TESCO,310405,"Brandy, bottle",Brandy & Cognac,brandy,0.0,SOIREE BRAND X 70CL,£7.00,7.0,(£10.00/l),10.0,1.0,l,10.0,l,,
2015-11-19 05:00:05.096318,TESCO,310405,"Brandy, bottle",Brandy & Cognac,brandy,0.0,REMY MARTIN V.S.O.P. COGNAC 70CL,£29.00,29.0,(£41.43/l),41.43,1.0,l,41.43,l,SAVE £6.00 Was £35.00 Now £29.00 - all products for this offer,SAVE £6.00 Was £35.00 Now £29.00
2015-11-19 05:00:05.097794,TESCO,310405,"Brandy, bottle",Brandy & Cognac,brandy,0.0,TESCO V.S. COGNAC 70CL,£16.00,16.0,(£22.86/l),22.86,1.0,l,22.86,l,,
2015-11-19 05:00:05.099201,TESCO,310405,"Brandy, bottle",Brandy & Cognac,brandy,0.0,COURVOISIER V.S. COGNAC 35CL,£13.00,13.0,(£37.15/l),37.15,1.0,l,37.15,l,SAVE £2.00 Was £15.00 Now £13.00 - all products for this offer,SAVE £2.00 Was £15.00 Now £13.00
2015-11-19 05:00:05.100736,TESCO,310405,"Brandy, bottle",Brandy & Cognac,brandy,1.0,TESCO FINEST CHERRY BRANDY 50CL,£9.00,9.0,(£18.00/l),18.0,1.0,l,18.0,l,,
2015-11-19 05:00:05.102107,TESCO,310405,"Brandy, bottle",Brandy & Cognac,brandy,1.0,TESCO SPANISH BRANDY 70CL,£14.50,14.5,(£20.72/l),20.72,1.0,l,20.72,l,,
2015-11-19 05:00:05.103546,TESCO,310405,"Brandy, bottle",Brandy & Cognac,brandy,1.0,TESCO FINEST APRICOT BRANDY 50CL,£9.00,9.0,(£18.00/l),18.0,1.0,l,18.0,l,,
2015-11-19 05:00:05.104974,TESCO,310405,"Brandy, bottle",Brandy & Cognac,brandy,1.0,CARLOS III SOLERA RESERVA BRANDY 36% 1L,£18.79,18.79,(£18.79/l),18.79,1.0,l,18.79,l,,
2015-11-19 05:00:05.106352,TESCO,310405,"Brandy, bottle",Brandy & Cognac,brandy,1.0,TESCO FINEST XO BRANDY 70CL,£16.00,16.0,(£22.86/l),22.86,1.0,l,22.86,l,,
2015-11-19 05:00:05.107737,TESCO,310405,"Brandy, bottle",Brandy & Cognac,brandy,1.0,THREE BARRELS BRANDY 35CL,£9.50,9.5,(£27.15/l),27.15,1.0,l,27.15,l,,
2015-11-19 05:00:05.109180,TESCO,310405,"Brandy, bottle",Brandy & Cognac,brandy,0.0,COURVOISIER VSOP COGNAC 70CL,£25.00,25.0,(£35.72/l),35.72,1.0,l,35.72,l,SAVE £7.50 Was £32.50 Then £26.00 Now £25.00 - all products for this offer,SAVE £7.50 Was £32.50 Then £26.00 Now £25.00
2015-11-19 05:00:05.192412,TESCO,310401,"Whisky, bottle",Whisky,whisky,0.0,JIM BEAM WHITE BOURBON 70CL,£14.00,14.0,(£20.00/l),20.0,1.0,l,20.0,l,All products available for this offer,Only £14.00
2015-11-19 05:00:05.193944,TESCO,310401,"Whisky, bottle",Whisky,whisky,1.0,BELL'S ORIGINAL WHISKY 1 LITRE,£15.00,15.0,(£15.00/l),15.0,1.0,l,15.0,l,All products available for this offer,Only £15.00
2015-11-19 05:00:05.196368,TESCO,310401,"Whisky, bottle",Whisky,whisky,1.0,BELL'S ORIGINAL WHISKY 70CL,£13.00,13.0,(£18.58/l),18.58,1.0,l,18.58,l,All products available for this offer,Only £13.00
2015-11-19 05:00:05.197848,TESCO,310401,"Whisky, bottle",Whisky,whisky,1.0,TESCO SPECIAL RESERVE SCOTCH WHISKY 1L,£17.00,17.0,(£17.00/l),17.0,1.0,l,17.0,l,,
2015-11-19 05:00:05.199216,TESCO,310401,"Whisky, bottle",Whisky,whisky,0.0,SOUTHERN COMFORT 70CL BOTTLE,£21.50,21.5,(£30.72/l),30.72,1.0,l,30.72,l,,
2015-11-19 05:00:05.200650,TESCO,310401,"Whisky, bottle",Whisky,whisky,1.0,GLENMORANGIE 10 YEAR OLD MALT WHISKY 70CL,£26.00,26.0,(£37.15/l),37.15,1.0,l,37.15,l,SAVE £9.00 Was £35.00 Now £26.00 - all products for this offer,SAVE £9.00 Was £35.00 Now £26.00
2015-11-19 05:00:05.202103,TESCO,310401,"Whisky, bottle",Whisky,whisky,0.0,JAMESON IRISH WHISKEY 70CL,£22.00,22.0,(£31.43/l),31.43,1.0,l,31.43,l,SAVE £4.00 Was £22.00 Now £18.00 - all products for this offer,SAVE £4.00 Was £22.00 Now £18.00
2015-11-19 05:00:05.203560,TESCO,310401,"Whisky, bottle",Whisky,whisky,1.0,FAMOUS GROUSE SCOTCH WHISKY 1L,£18.50,18.5,(£18.50/l),18.5,1.0,l,18.5,l,,
2015-11-19 05:00:05.204961,TESCO,310401,"Whisky, bottle",Whisky,whisky,1.0,FAMOUS GROUSE SCOTCH WHISKY 70CL,£13.00,13.0,(£18.58/l),18.58,1.0,l,18.58,l,SAVE £4.50 Was £17.50 Now £13.00 - all products for this offer,SAVE £4.50 Was £17.50 Now £13.00
2015-11-19 05:00:05.206538,TESCO,310401,"Whisky, bottle",Whisky,whisky,0.0,JACK DANIEL'S TENNESSEE WHISKEY 70CL,£15.00,15.0,(£21.43/l),21.43,1.0,l,21.43,l,All products available for this offer,Only £18.00
2015-11-19 05:00:05.208076,TESCO,310401,"Whisky, bottle",Whisky,whisky,0.0,GLENFIDDICH 12YO MALT 70CL,£35.00,35.0,(£50.00/l),50.0,1.0,l,50.0,l,,
2015-11-19 05:00:05.209456,TESCO,310401,"Whisky, bottle",Whisky,whisky,1.0,TESCO SPECIAL RESERVE SCOTCH WHISKY 70CL,£12.00,12.0,(£17.15/l),17.15,1.0,l,17.15,l,,
2015-11-19 05:00:05.210829,TESCO,310401,"Whisky, bottle",Whisky,whisky,1.0,WILLIAM GRANTS SCOTCH WHISKY 70CL,£13.00,13.0,(£18.58/l),18.58,1.0,l,18.58,l,,
2015-11-19 05:00:05.212243,TESCO,310401,"Whisky, bottle",Whisky,whisky,1.0,CHIVAS REGAL 12 YEAR OLD WHISKY 70CL,£27.50,27.5,(£39.29/l),39.29,1.0,l,39.29,l,,
2015-11-19 05:00:05.213612,TESCO,310401,"Whisky, bottle",Whisky,whisky,1.0,TESCO SPECIAL RESERVE SCOTCH WHISKY 35CL,£6.50,6.5,(£18.58/l),18.58,1.0,l,18.58,l,,
2015-11-19 05:00:05.214986,TESCO,310401,"Whisky, bottle",Whisky,whisky,1.0,WILLIAM GRANTS SCOTCH WHISKY 1L,£18.50,18.5,(£18.50/l),18.5,1.0,l,18.5,l,All products available for this offer,Only £18.50
2015-11-19 05:00:05.216480,TESCO,310401,"Whisky, bottle",Whisky,whisky,1.0,WHYTE AND MACKAY SCOTCH WHISKY 1L,£18.50,18.5,(£18.50/l),18.5,1.0,l,18.5,l,All products available for this offer,Only £18.50
2015-11-19 05:00:05.217973,TESCO,310401,"Whisky, bottle",Whisky,whisky,1.0,TESCO EVERYDAY VALUE WHISKY 70CL,£10.30,10.3,(£14.72/l),14.72,1.0,l,14.72,l,,
2015-11-19 05:00:05.219380,TESCO,310401,"Whisky, bottle",Whisky,whisky,1.0,TESCO SPECIAL RESERVE SCOTCH WHISKY 1.5LITRE,£24.50,24.5,(£16.34/l),16.34,1.0,l,16.34,l,,
2015-11-19 05:00:05.220821,TESCO,310401,"Whisky, bottle",Whisky,whisky,0.0,JACK DANIELS TENNESSEE HONEY 70CL,£15.00,15.0,(£21.43/l),21.43,1.0,l,21.43,l,All products available for this offer,Only £18.00
2015-11-19 05:00:05.277526,TESCO,310403,"Vodka, bottle",Vodka,vodka,1.0,SMIRNOFF RED LABEL VODKA 1 LITRE,£15.00,15.0,(£15.00/l),15.0,1.0,l,15.0,l,All products available for this offer,Only £15.00
2015-11-19 05:00:05.281078,TESCO,310403,"Vodka, bottle",Vodka,vodka,1.0,TESCO IMPERIAL VODKA 1L,£14.50,14.5,(£14.50/l),14.5,1.0,l,14.5,l,,
2015-11-19 05:00:05.282613,TESCO,310403,"Vodka, bottle",Vodka,vodka,1.0,SMIRNOFF RED LABEL VODKA 70CL,£13.00,13.0,(£18.58/l),18.58,1.0,l,18.58,l,All products available for this offer,Only £13.00
2015-11-19 05:00:05.284173,TESCO,310403,"Vodka, bottle",Vodka,vodka,1.0,TESCO IMPERIAL VODKA 70CL,£10.50,10.5,(£15.00/l),15.0,1.0,l,15.0,l,,
2015-11-19 05:00:05.285642,TESCO,310403,"Vodka, bottle",Vodka,vodka,1.0,TESCO EVERYDAY VALUE VODKA 70CL,£10.00,10.0,(£14.29/l),14.29,1.0,l,14.29,l,,
2015-11-19 05:00:05.287020,TESCO,310403,"Vodka, bottle",Vodka,vodka,1.0,TESCO IMPERIAL VODKA 1.5L,£21.50,21.5,(£14.34/l),14.34,1.0,l,14.34,l,,
2015-11-19 05:00:05.288508,TESCO,310403,"Vodka, bottle",Vodka,vodka,1.0,TESCO IMPERIAL VODKA 35CL,£6.00,6.0,(£17.15/l),17.15,1.0,l,17.15,l,,
2015-11-19 05:00:05.289955,TESCO,310403,"Vodka, bottle",Vodka,vodka,1.0,RUSSIAN STANDARD VODKA 1LT,£18.50,18.5,(£18.50/l),18.5,1.0,l,18.5,l,All products available for this offer,Only £18.50
2015-11-19 05:00:05.291576,TESCO,310403,"Vodka, bottle",Vodka,vodka,1.0,SMIRNOFF RED LABEL VODKA 35CL,£9.00,9.0,(£25.72/l),25.72,1.0,l,25.72,l,,
2015-11-19 05:00:05.293034,TESCO,310403,"Vodka, bottle",Vodka,vodka,1.0,GLENS VODKA 1L,£15.00,15.0,(£15.00/l),15.0,1.0,l,15.0,l,,
2015-11-19 05:00:05.294403,TESCO,310403,"Vodka, bottle",Vodka,vodka,1.0,ABSOLUT SWEDISH VODKA 1L,£25.00,25.0,(£25.00/l),25.0,1.0,l,25.0,l,,
2015-11-19 05:00:05.295786,TESCO,310403,"Vodka, bottle",Vodka,vodka,1.0,RUSSIAN STANDARD VODKA 70CL,£13.00,13.0,(£18.58/l),18.58,1.0,l,18.58,l,All products available for this offer,Only £13.00
2015-11-19 05:00:05.297259,TESCO,310403,"Vodka, bottle",Vodka,vodka,1.0,STOLICHNAYA PREMIUM VODKA 70CL,£13.00,13.0,(£18.58/l),18.58,1.0,l,18.58,l,SAVE £7.00 Was £20.00 Now £13.00 - all products for this offer,SAVE £7.00 Was £20.00 Now £13.00
2015-11-19 05:00:05.298707,TESCO,310403,"Vodka, bottle",Vodka,vodka,1.0,SMIRNOFF VODKA LIME 70CL,£13.00,13.0,(£18.58/l),18.58,1.0,l,18.58,l,SAVE £4.00 Was £17.00 Now £13.00 - all products for this offer,SAVE £4.00 Was £17.00 Now £13.00
2015-11-19 05:00:05.300242,TESCO,310403,"Vodka, bottle",Vodka,vodka,0.0,SMIRNOFF VANILLA 70CL,£13.00,13.0,(£18.58/l),18.58,1.0,l,18.58,l,SAVE £4.00 Was £17.00 Now £13.00 - all products for this offer,SAVE £4.00 Was £17.00 Now £13.00
2015-11-19 05:00:05.305286,TESCO,310403,"Vodka, bottle",Vodka,vodka,1.0,ABSOLUT SWEDISH VODKA 70CL,£15.00,15.0,(£21.43/l),21.43,1.0,l,21.43,l,SAVE £4.50 Was £19.50 Now £15.00 - all products for this offer,SAVE £4.50 Was £19.50 Now £15.00
2015-11-19 05:00:05.306774,TESCO,310403,"Vodka, bottle",Vodka,vodka,1.0,SMIRNOFF VODKA APPLE 70CL,£13.00,13.0,(£18.58/l),18.58,1.0,l,18.58,l,SAVE £4.00 Was £17.00 Now £13.00 - all products for this offer,SAVE £4.00 Was £17.00 Now £13.00
2015-11-19 05:00:05.308487,TESCO,310403,"Vodka, bottle",Vodka,vodka,1.0,GREY GOOSE L'ORIGINAL VODKA GIFT BOX 70CL,£38.00,38.0,(£54.29/l),54.29,1.0,l,54.29,l,,
2015-11-19 05:00:05.309864,TESCO,310403,"Vodka, bottle",Vodka,vodka,1.0,RUSSIAN STANDARD VODKA 35CL,£9.50,9.5,(£27.15/l),27.15,1.0,l,27.15,l,,
2015-11-19 05:00:05.311243,TESCO,310403,"Vodka, bottle",Vodka,vodka,1.0,ABSOLUT RASPBERRI VODKA 70CL,£15.00,15.0,(£21.43/l),21.43,1.0,l,21.43,l,SAVE £4.50 Was £19.50 Now £15.00 - all products for this offer,SAVE £4.50 Was £19.50 Now £15.00
2015-11-19 05:00:05.323212,TESCO,310427,"RUM, WHITE, BOTTLE",Rum,white rum,0.5,BACARDI CARTA BLANCA RUM 70CL,£13.00,13.0,(£18.58/l),18.58,1.0,l,18.58,l,All products available for this offer,Only £13.00
2015-11-19 05:00:05.324753,TESCO,310427,"RUM, WHITE, BOTTLE",Rum,white rum,0.5,CAPTAIN MORGAN DARK RUM 70CL,£13.00,13.0,(£18.58/l),18.58,1.0,l,18.58,l,SAVE £3.00 Was £16.00 Now £13.00 - all products for this offer,SAVE £3.00 Was £16.00 Now £13.00
2015-11-19 05:00:05.326213,TESCO,310427,"RUM, WHITE, BOTTLE",Rum,white rum,0.5,BACARDI CARTA BLANCA RUM 1 LITRE,£18.50,18.5,(£18.50/l),18.5,1.0,l,18.5,l,All products available for this offer,Only £18.50
2015-11-19 05:00:05.328336,TESCO,310427,"RUM, WHITE, BOTTLE",Rum,white rum,1.0,MALIBU WHITE RUM WITH COCONUT 70CL,£12.00,12.0,(£17.15/l),17.15,1.0,l,17.15,l,SAVE £3.00 Was £15.00 Now £12.00 - all products for this offer,SAVE £3.00 Was £15.00 Now £12.00
2015-11-19 05:00:05.329871,TESCO,310427,"RUM, WHITE, BOTTLE",Rum,white rum,0.0,CAPTAIN MORGAN ORIGINAL SPICED GOLD 1 LITRE,£15.00,15.0,(£15.00/l),15.0,1.0,l,15.0,l,All products available for this offer,Only £15.00
2015-11-19 05:00:05.331333,TESCO,310427,"RUM, WHITE, BOTTLE",Rum,white rum,1.0,TESCO WHITE RUM 1L,£15.00,15.0,(£15.00/l),15.0,1.0,l,15.0,l,,
2015-11-19 05:00:05.332792,TESCO,310427,"RUM, WHITE, BOTTLE",Rum,white rum,1.0,TESCO WHITE RUM 70CL,£11.00,11.0,(£15.72/l),15.72,1.0,l,15.72,l,,
2015-11-19 05:00:05.334170,TESCO,310427,"RUM, WHITE, BOTTLE",Rum,white rum,1.0,MALIBU WHITE RUM WITH COCONUT 1L,£19.00,19.0,(£19.00/l),19.0,1.0,l,19.0,l,,
2015-11-19 05:00:05.335558,TESCO,310427,"RUM, WHITE, BOTTLE",Rum,white rum,0.5,TESCO DARK RUM 70CL,£11.00,11.0,(£15.72/l),15.72,1.0,l,15.72,l,,
2015-11-19 05:00:05.336998,TESCO,310427,"RUM, WHITE, BOTTLE",Rum,white rum,0.0,CAPTAIN MORGAN ORIGINAL SPICED GOLD 70CL,£13.00,13.0,(£18.58/l),18.58,1.0,l,18.58,l,All products available for this offer,Only £13.00
2015-11-19 05:00:05.338500,TESCO,310427,"RUM, WHITE, BOTTLE",Rum,white rum,0.5,TESCO DARK RUM 1L,£15.00,15.0,(£15.00/l),15.0,1.0,l,15.0,l,,
2015-11-19 05:00:05.339939,TESCO,310427,"RUM, WHITE, BOTTLE",Rum,white rum,1.0,TESCO EVERYDAY VALUE WHITE RUM 70CL,£10.00,10.0,(£14.29/l),14.29,1.0,l,14.29,l,,
2015-11-19 05:00:05.341347,TESCO,310427,"RUM, WHITE, BOTTLE",Rum,white rum,0.5,BACARDI OAKHEART SPICED RUM 1 LITRE,£18.50,18.5,(£18.50/l),18.5,1.0,l,18.5,l,All products available for this offer,Only £18.50
2015-11-19 05:00:05.342799,TESCO,310427,"RUM, WHITE, BOTTLE",Rum,white rum,0.5,TESCO DARK RUM 35CL,£6.50,6.5,(£18.58/l),18.58,1.0,l,18.58,l,,
2015-11-19 05:00:05.344225,TESCO,310427,"RUM, WHITE, BOTTLE",Rum,white rum,0.5,TESCO EVERYDAY VALUE DARK RUM 70CL,£10.00,10.0,(£14.29/l),14.29,1.0,l,14.29,l,,
2015-11-19 05:00:05.345611,TESCO,310427,"RUM, WHITE, BOTTLE",Rum,white rum,0.5,SAILOR JERRY SPICED RUM 70CL,£20.00,20.0,(£28.58/l),28.58,1.0,l,28.58,l,,
2015-11-19 05:00:05.346988,TESCO,310427,"RUM, WHITE, BOTTLE",Rum,white rum,0.5,THE KRAKEN BLACK SPICED RUM 70CL,£23.00,23.0,(£32.86/l),32.86,1.0,l,32.86,l,,
2015-11-19 05:00:05.348422,TESCO,310427,"RUM, WHITE, BOTTLE",Rum,white rum,0.5,CAPTAIN MORGAN DARK RUM 1L,£18.50,18.5,(£18.50/l),18.5,1.0,l,18.5,l,,
2015-11-19 05:00:05.349840,TESCO,310427,"RUM, WHITE, BOTTLE",Rum,white rum,0.5,LAMBS NAVY RUM 1L,£19.00,19.0,(£19.00/l),19.0,1.0,l,19.0,l,,
2015-11-19 05:00:05.351271,TESCO,310427,"RUM, WHITE, BOTTLE",Rum,white rum,0.5,LAMBS NAVY RUM 70CL,£13.00,13.0,(£18.58/l),18.58,1.0,l,18.58,l,SAVE £3.00 Was £16.00 Now £13.00 - all products for this offer,SAVE £3.00 Was £16.00 Now £13.00
2015-11-19 05:00:05.839894,TESCO,211901,"Tea bags, per packet of 80, 250g",Everyday Tea,80 250g,1.0,TESCO 80 TEABAGS 250G,£1.00,1.0,(£0.40/100g),0.4,100,g,4.0,kg,,
2015-11-19 05:00:05.841448,TESCO,211901,"Tea bags, per packet of 80, 250g",Everyday Tea,80 250g,0.0,TESCO 160 TEABAGS 500G,£1.95,1.95,(£0.39/100g),0.39,100,g,3.9,kg,,
2015-11-19 05:00:05.842899,TESCO,211901,"Tea bags, per packet of 80, 250g",Everyday Tea,80 250g,0.0,PG TIPS 160S PYRAMID TEABAGS 464G,£3.00,3.0,(£0.65/100g),0.65,100,g,6.5,kg,SAVE £1.00 Was £4.00 Now £3.00 - all products for this offer,SAVE £1.00 Was £4.00 Now £3.00
2015-11-19 05:00:05.848744,TESCO,211901,"Tea bags, per packet of 80, 250g",Everyday Tea,80 250g,0.0,PG TIPS 240S PYRAMID TEABAGS 696G,£5.50,5.5,(£0.79/100g),0.79,100,g,7.9,kg,,
2015-11-19 05:00:05.850613,TESCO,211901,"Tea bags, per packet of 80, 250g",Everyday Tea,80 250g,1.0,YORKSHIRE 80 TEABAGS 250G,£2.00,2.0,(£0.80/100g),0.8,100,g,8.0,kg,SAVE 34p Was £2.34 Now £2.00 - all products for this offer,SAVE 34p Was £2.34 Now £2.00
2015-11-19 05:00:05.852165,TESCO,211901,"Tea bags, per packet of 80, 250g",Everyday Tea,80 250g,0.0,TETLEY SOFTPACK 160 TEABAGS 500G,£3.95,3.95,(£0.79/100g),0.79,100,g,7.9,kg,,
2015-11-19 05:00:05.853643,TESCO,211901,"Tea bags, per packet of 80, 250g",Everyday Tea,80 250g,1.0,TESCO DECAFFEINATED 80 TEABAGS 250G,£1.50,1.5,(£0.60/100g),0.6,100,g,6.0,kg,,
2015-11-19 05:00:05.855063,TESCO,211901,"Tea bags, per packet of 80, 250g",Everyday Tea,80 250g,0.0,PG TIPS 80S PYRAMID TEABAGS 232G,£2.29,2.29,(£0.99/100g),0.99,100,g,9.9,kg,,
2015-11-19 05:00:05.856536,TESCO,211901,"Tea bags, per packet of 80, 250g",Everyday Tea,80 250g,0.0,TETLEY 240 TEABAGS 750G,£2.49,2.49,(£0.33/100g),0.33,100,g,3.3,kg,Half Price Was £4.99 Now £2.49 - all products for this offer,Half Price Was £4.99 Now £2.49
2015-11-19 05:00:05.858023,TESCO,211901,"Tea bags, per packet of 80, 250g",Everyday Tea,80 250g,0.0,TETLEY 40 TEABAGS 125G,£1.19,1.19,(£0.95/100g),0.95,100,g,9.5,kg,,
2015-11-19 05:00:05.861315,TESCO,211901,"Tea bags, per packet of 80, 250g",Everyday Tea,80 250g,0.0,TESCO EVERYDAY VALUE TEABAGS 40S 100G,£0.20,0.2,(£0.20/100g),0.2,100,g,2.0,kg,,
2015-11-19 05:00:05.862765,TESCO,211901,"Tea bags, per packet of 80, 250g",Everyday Tea,80 250g,1.0,TETLEY SOFTPACK 80 TEABAGS 250G,£1.75,1.75,(£0.70/100g),0.7,100,g,7.0,kg,SAVE 54p Was £2.29 Now £1.75 - all products for this offer,SAVE 54p Was £2.29 Now £1.75
2015-11-19 05:00:05.864343,TESCO,211901,"Tea bags, per packet of 80, 250g",Everyday Tea,80 250g,1.0,PG TIPS 80 CUPS LOOSE TEA 250G,£1.69,1.69,(£0.68/100g),0.68,100,g,6.8,kg,,
2015-11-19 05:00:05.865765,TESCO,211901,"Tea bags, per packet of 80, 250g",Everyday Tea,80 250g,0.0,YORKSHIRE TEA BAGS 240'S 750G,£5.79,5.79,(£0.77/100g),0.77,100,g,7.7,kg,,
2015-11-19 05:00:05.867180,TESCO,211901,"Tea bags, per packet of 80, 250g",Everyday Tea,80 250g,1.0,TYPHOO 80 TEABAGS 250G,£2.20,2.2,(£0.88/100g),0.88,100,g,8.8,kg,All products available for this offer,Any 2 for £3.00
2015-11-19 05:00:05.868748,TESCO,211901,"Tea bags, per packet of 80, 250g",Everyday Tea,80 250g,0.0,TESCO 240 TEABAGS 750G,£2.90,2.9,(£0.39/100g),0.39,100,g,3.9,kg,,
2015-11-19 05:00:05.870169,TESCO,211901,"Tea bags, per packet of 80, 250g",Everyday Tea,80 250g,0.0,YORKSHIRE 160 TEABAGS 500G,£4.50,4.5,(£0.90/100g),0.9,100,g,9.0,kg,,
2015-11-19 05:00:05.881677,TESCO,211901,"Tea bags, per packet of 80, 250g",Everyday Tea,80 250g,0.0,PG TIPS 40S PYRAMID TEABAGS 116G,£1.29,1.29,(£1.12/100g),1.12,100,g,11.2,kg,,
2015-11-19 05:00:05.883132,TESCO,211901,"Tea bags, per packet of 80, 250g",Everyday Tea,80 250g,0.5,PG TIPS DECAFFEINATED 80S PYRAMID TEABAGS 250G,£2.58,2.58,(£1.04/100g),1.04,100,g,10.4,kg,,
2015-11-19 05:00:05.884601,TESCO,211901,"Tea bags, per packet of 80, 250g",Everyday Tea,80 250g,1.0,TETLEY DECAFFEINATED 80 TEA BAGS 250G,£1.75,1.75,(£0.70/100g),0.7,100,g,7.0,kg,SAVE 70p Was £2.45 Now £1.75 - all products for this offer,SAVE 70p Was £2.45 Now £1.75
2015-11-19 05:00:05.984453,TESCO,310421,"Red Wine, European, bottle",Red Wine,red wine,0.0,HARDYS LEGACY SHIRAZ CABERNET SAUVIGNON 75CL,£4.50,4.5,(£4.50/75cl),4.5,75,cl,6.0,l,,
2015-11-19 05:00:05.985915,TESCO,310421,"Red Wine, European, bottle",Red Wine,red wine,0.0,TRIVENTO RESERVE MALBEC 75CL,£8.00,8.0,(£8.00/75cl),8.0,75,cl,10.6667,l,,
2015-11-19 05:00:05.987297,TESCO,310421,"Red Wine, European, bottle",Red Wine,red wine,0.0,ISLA NEGRA CABERNET SAUVIGNON 75CL,£5.00,5.0,(£5.00/75cl),5.0,75,cl,6.6667,l,,
2015-11-19 05:00:05.989838,TESCO,310421,"Red Wine, European, bottle",Red Wine,red wine,0.0,HARDY'S STAMP CABERNET SAUVIGNON MERLOT 75CL,£6.00,6.0,(£6.00/75cl),6.0,75,cl,8.0,l,,
2015-11-19 05:00:05.991273,TESCO,310421,"Red Wine, European, bottle",Red Wine,red wine,0.5,TESCO AUSTRALIAN RED 75CL,£3.75,3.75,(£3.75/75cl),3.75,75,cl,5.0,l,,
2015-11-19 05:00:05.992705,TESCO,310421,"Red Wine, European, bottle",Red Wine,red wine,0.0,PARRA ALTA MALBEC 75CL,£5.00,5.0,(£5.00/75cl),5.0,75,cl,6.6667,l,,
2015-11-19 05:00:05.994097,TESCO,310421,"Red Wine, European, bottle",Red Wine,red wine,0.0,ISLA NEGRA MERLOT 75CL,£5.00,5.0,(£5.00/75cl),5.0,75,cl,6.6667,l,,
2015-11-19 05:00:05.995796,TESCO,310421,"Red Wine, European, bottle",Red Wine,red wine,0.0,CASILLERO DEL DIABLO MERLOT 75CL,£8.00,8.0,(£8.00/75cl),8.0,75,cl,10.6667,l,,
2015-11-19 05:00:05.997265,TESCO,310421,"Red Wine, European, bottle",Red Wine,red wine,0.0,HARDY'S STAMP SHIRAZ CABERNET SAUVIGNON 75CL,£5.00,5.0,(£5.00/75cl),5.0,75,cl,6.6667,l,SAVE £1.00 Was £6.00 Now £5.00 - all products for this offer,SAVE £1.00 Was £6.00 Now £5.00
2015-11-19 05:00:05.998752,TESCO,310421,"Red Wine, European, bottle",Red Wine,red wine,0.0,CASTILLO DE ALBAI RIOJA RESERVA 75CL,£10.00,10.0,(£10.00/75cl),10.0,75,cl,13.3333,l,,
2015-11-19 05:00:06.000640,TESCO,310421,"Red Wine, European, bottle",Red Wine,red wine,0.0,BLAXLAND ESTATE SHIRAZ 75CL,£4.70,4.7,(£4.70/75cl),4.7,75,cl,6.2667,l,,
2015-11-19 05:00:06.002091,TESCO,310421,"Red Wine, European, bottle",Red Wine,red wine,0.5,TESCO SPANISH RED 75CL,£3.00,3.0,(£3.00/75cl),3.0,75,cl,4.0,l,,
2015-11-19 05:00:06.003483,TESCO,310421,"Red Wine, European, bottle",Red Wine,red wine,0.5,TESCO MULLED WINE 75CL,£3.50,3.5,(£3.50/75cl),3.5,75,cl,4.6667,l,All products available for this offer,Only £3.50
2015-11-19 05:00:06.005041,TESCO,310421,"Red Wine, European, bottle",Red Wine,red wine,0.0,TESCO FINEST ARGENTINIAN MALBEC 75CL,£6.00,6.0,(£6.00/75cl),6.0,75,cl,8.0,l,,
2015-11-19 05:00:06.006418,TESCO,310421,"Red Wine, European, bottle",Red Wine,red wine,0.0,YELLOW TAIL SHIRAZ 75CL,£6.25,6.25,(£6.25/75cl),6.25,75,cl,8.3333,l,,
2015-11-19 05:00:06.007853,TESCO,310421,"Red Wine, European, bottle",Red Wine,red wine,0.0,MOUNTAIN VINEYARDS MERLOT 75CL,£4.75,4.75,(£4.75/75cl),4.75,75,cl,6.3333,l,,
2015-11-19 05:00:06.009300,TESCO,310421,"Red Wine, European, bottle",Red Wine,red wine,0.0,HARDY'S CREST CABERNET SHIRAZ MERLOT 75CL,£5.00,5.0,(£5.00/75cl),5.0,75,cl,6.6667,l,All products available for this offer,Only £5.00
2015-11-19 05:00:06.014397,TESCO,310421,"Red Wine, European, bottle",Red Wine,red wine,0.5,WINE ROUTE SPAIN TEMPRANILLO 75CL,£7.00,7.0,(£7.00/75cl),7.0,75,cl,9.3333,l,BUY 1 SIDE + 1 MAIN + 1 DESSERT + A DRINK FOR £10 - all products for this offer,BUY 1 SIDE + 1 MAIN + 1 DESSERT + A DRINK FOR £10
2015-11-19 05:00:06.015941,TESCO,310421,"Red Wine, European, bottle",Red Wine,red wine,0.5,BLOSSOM HILL CALIFORNIAN RED 75CL,£4.90,4.9,(£4.90/75cl),4.9,75,cl,6.5333,l,,
2015-11-19 05:00:06.017376,TESCO,310421,"Red Wine, European, bottle",Red Wine,red wine,0.5,WINE ROUTE SPAIN SYRAH 75CL,£7.00,7.0,(£7.00/75cl),7.0,75,cl,9.3333,l,BUY 1 SIDE + 1 MAIN + 1 DESSERT + A DRINK FOR £10 - all products for this offer,BUY 1 SIDE + 1 MAIN + 1 DESSERT + A DRINK FOR £10
2015-11-19 05:00:06.029904,TESCO,310419,"White Wine, European, bottle",White Wine,white wine,0.0,DINO PINOT GRIGIO 75CL,£5.00,5.0,(£5.00/75cl),5.0,75,cl,6.6667,l,,
2015-11-19 05:00:06.031313,TESCO,310419,"White Wine, European, bottle",White Wine,white wine,0.0,WAIRAU COVE SAUVIGNON BLANC 75CL,£6.50,6.5,(£6.50/75cl),6.5,75,cl,8.6667,l,,
2015-11-19 05:00:06.032747,TESCO,310419,"White Wine, European, bottle",White Wine,white wine,0.0,ISLA NEGRA SAUVIGNON BLANC 75CL,£5.00,5.0,(£5.00/75cl),5.0,75,cl,6.6667,l,,
2015-11-19 05:00:06.034751,TESCO,310419,"White Wine, European, bottle",White Wine,white wine,0.0,SIMPLY PINOT GRIGIO 75CL,£4.50,4.5,(£4.50/75cl),4.5,75,cl,6.0,l,,
2015-11-19 05:00:06.036252,TESCO,310419,"White Wine, European, bottle",White Wine,white wine,0.0,MOUNTAIN VINEYARDS SAUVIGNON BLANC 75CL,£4.75,4.75,(£4.75/75cl),4.75,75,cl,6.3333,l,,
2015-11-19 05:00:06.037652,TESCO,310419,"White Wine, European, bottle",White Wine,white wine,0.0,HARDYS LEGACY CHARDONNAY 75CL,£4.50,4.5,(£4.50/75cl),4.5,75,cl,6.0,l,,
2015-11-19 05:00:06.039199,TESCO,310419,"White Wine, European, bottle",White Wine,white wine,0.0,SIMPLY CHILEAN SAUVIGNON BLANC 75CL,£4.50,4.5,(£4.50/75cl),4.5,75,cl,6.0,l,,
2015-11-19 05:00:06.040630,TESCO,310419,"White Wine, European, bottle",White Wine,white wine,0.0,TESCO FINEST CHABLIS GRANDE CUVEE 75CL,£8.00,8.0,(£8.00/75cl),8.0,75,cl,10.6667,l,SAVE £2.00 Was £10.00 Now £8.00 - all products for this offer,SAVE £2.00 Was £10.00 Now £8.00
2015-11-19 05:00:06.042096,TESCO,310419,"White Wine, European, bottle",White Wine,white wine,0.0,VILLA MARIA PRIVATE BIN SAUVIGNON BLANC 75CL,£7.50,7.5,(£7.50/75cl),7.5,75,cl,10.0,l,SAVE £2.00 Was £9.50 Now £7.50 - all products for this offer,SAVE £2.00 Was £9.50 Now £7.50
2015-11-19 05:00:06.043655,TESCO,310419,"White Wine, European, bottle",White Wine,white wine,0.0,BELLITALIA PINOT GRIGIO IGP PUGLIA 75CL,£4.00,4.0,(£4.00/75cl),4.0,75,cl,5.3333,l,,
2015-11-19 05:00:06.045112,TESCO,310419,"White Wine, European, bottle",White Wine,white wine,0.0,TESCO LIEBFRAUMILCH 75CL,£4.00,4.0,(£4.00/75cl),4.0,75,cl,5.3333,l,,
2015-11-19 05:00:06.046513,TESCO,310419,"White Wine, European, bottle",White Wine,white wine,0.0,OGIO PINOT GRIGIO 75CL,£5.50,5.5,(£5.50/75cl),5.5,75,cl,7.3333,l,,
2015-11-19 05:00:06.047933,TESCO,310419,"White Wine, European, bottle",White Wine,white wine,0.0,LOUIS DE CAMPONAC SAUVIGNON BLANC 75CL,£5.00,5.0,(£5.00/75cl),5.0,75,cl,6.6667,l,,
2015-11-19 05:00:06.049445,TESCO,310419,"White Wine, European, bottle",White Wine,white wine,0.0,SIMPLY MUSCADET 75CL,£4.50,4.5,(£4.50/75cl),4.5,75,cl,6.0,l,,
2015-11-19 05:00:06.051139,TESCO,310419,"White Wine, European, bottle",White Wine,white wine,0.5,TESCO SPANISH WHITE 75CL,£3.00,3.0,(£3.00/75cl),3.0,75,cl,4.0,l,,
2015-11-19 05:00:06.052575,TESCO,310419,"White Wine, European, bottle",White Wine,white wine,0.0,ISLA NEGRA CHARDONNAY/PX 75CL,£5.00,5.0,(£5.00/75cl),5.0,75,cl,6.6667,l,,
2015-11-19 05:00:06.053965,TESCO,310419,"White Wine, European, bottle",White Wine,white wine,0.0,MCGUIGAN CLASSIC PINOT GRIGIO 75CL,£5.25,5.25,(£5.25/75cl),5.25,75,cl,7.0,l,,
2015-11-19 05:00:06.055404,TESCO,310419,"White Wine, European, bottle",White Wine,white wine,0.0,HARDY'S CREST CHARDONNAY 75CL,£5.00,5.0,(£5.00/75cl),5.0,75,cl,6.6667,l,All products available for this offer,Only £5.00
2015-11-19 05:00:06.056950,TESCO,310419,"White Wine, European, bottle",White Wine,white wine,0.0,IL CAPO PINOT GRIGIO 75CL,£5.00,5.0,(£5.00/75cl),5.0,75,cl,6.6667,l,,
2015-11-19 05:00:06.101966,TESCO,212017,Fizzy bottled drink,Fizzy Drinks,bottle,1.0,TESCO SPARKLING LEMONADE 2 LITRE BOTTLE,£0.40,0.4,(£0.02/100ml),0.02,100,ml,0.2,l,,
2015-11-19 05:00:06.103998,TESCO,212017,Fizzy bottled drink,Fizzy Drinks,bottle,1.0,TESCO SPARKLING DIET LEMONADE 2 LITRE BOTTLE,£0.40,0.4,(£0.02/100ml),0.02,100,ml,0.2,l,,
2015-11-19 05:00:06.105427,TESCO,212017,Fizzy bottled drink,Fizzy Drinks,bottle,1.0,BARR IRN BRU 2 LITRE BOTTLE,£1.70,1.7,(£0.09/100ml),0.09,100,ml,0.9,l,All products available for this offer,Any 2 for £2.00
2015-11-19 05:00:06.106878,TESCO,212017,Fizzy bottled drink,Fizzy Drinks,bottle,0.0,TESCO EVERYDAY VALUE SUGAR FREE LEMONADE 2L BOT...,£0.17,0.17,(£0.01/100ml),0.01,100,ml,0.1,l,,
2015-11-19 05:00:06.108322,TESCO,212017,Fizzy bottled drink,Fizzy Drinks,bottle,0.0,TESCO LEMON AND LIME ZERO 2 LITRE,£0.55,0.55,(£0.03/100ml),0.03,100,ml,0.3,l,All products available for this offer,Any 2 for 90p
2015-11-19 05:00:06.109781,TESCO,212017,Fizzy bottled drink,Fizzy Drinks,bottle,1.0,7 UP LEMON AND LIME 2 LITRE BOTTLE,£1.98,1.98,(£0.10/100ml),0.1,100,ml,1.0,l,,
2015-11-19 05:00:06.111160,TESCO,212017,Fizzy bottled drink,Fizzy Drinks,bottle,0.0,TESCO NO ADDED SUGAR CLOUDY LEMONADE 2 LITRE BO...,£0.40,0.4,(£0.02/100ml),0.02,100,ml,0.2,l,,
2015-11-19 05:00:06.112581,TESCO,212017,Fizzy bottled drink,Fizzy Drinks,bottle,1.0,TESCO SUGAR FREE CHERRYADE 2 LITRE BOTTLE,£0.55,0.55,(£0.03/100ml),0.03,100,ml,0.3,l,All products available for this offer,Any 2 for 90p
2015-11-19 05:00:06.114073,TESCO,212017,Fizzy bottled drink,Fizzy Drinks,bottle,1.0,DR PEPPER REGULAR 2 LITRE BOTTLE,£1.85,1.85,(£0.09/100ml),0.09,100,ml,0.9,l,All products available for this offer,Any 2 for £2.00
2015-11-19 05:00:06.115566,TESCO,212017,Fizzy bottled drink,Fizzy Drinks,bottle,0.0,TESCO NO ADDED SUGAR ORANGE CRUSH 4 X 330ML,£0.99,0.99,(£0.08/100ml),0.08,100,ml,0.8,l,All products available for this offer,Any 2 for £1.50
2015-11-19 05:00:06.117053,TESCO,212017,Fizzy bottled drink,Fizzy Drinks,bottle,1.0,FANTA ORANGE 2 LITRE BOTTLE,£1.85,1.85,(£0.09/100ml),0.09,100,ml,0.9,l,All products available for this offer,Any 2 for £2.00
2015-11-19 05:00:06.118544,TESCO,212017,Fizzy bottled drink,Fizzy Drinks,bottle,0.0,TESCO MANGO ZERO 2 LITRE,£0.55,0.55,(£0.03/100ml),0.03,100,ml,0.3,l,All products available for this offer,Any 2 for 90p
2015-11-19 05:00:06.120035,TESCO,212017,Fizzy bottled drink,Fizzy Drinks,bottle,0.0,TESCO ORANGE ZERO 2 LITRE,£0.55,0.55,(£0.03/100ml),0.03,100,ml,0.3,l,All products available for this offer,Any 2 for 90p
2015-11-19 05:00:06.121510,TESCO,212017,Fizzy bottled drink,Fizzy Drinks,bottle,0.0,FANTA ORANGE ZERO 2 LITRE,£1.85,1.85,(£0.09/100ml),0.09,100,ml,0.9,l,All products available for this offer,Any 2 for £2.00
2015-11-19 05:00:06.122960,TESCO,212017,Fizzy bottled drink,Fizzy Drinks,bottle,0.0,7UP LIGHT 6 X 330 ML PACK,£3.19,3.19,(£0.12/100ml),0.12,100,ml,1.2,l,,
2015-11-19 05:00:06.125177,TESCO,212017,Fizzy bottled drink,Fizzy Drinks,bottle,0.0,TESCO LEMON AND LIME ZERO 4X330ML,£0.99,0.99,(£0.08/100ml),0.08,100,ml,0.8,l,All products available for this offer,Any 2 for £1.50
2015-11-19 05:00:06.126689,TESCO,212017,Fizzy bottled drink,Fizzy Drinks,bottle,0.0,TESCO PINK LEMONADE ZERO 2L,£0.40,0.4,(£0.02/100ml),0.02,100,ml,0.2,l,,
2015-11-19 05:00:06.128121,TESCO,212017,Fizzy bottled drink,Fizzy Drinks,bottle,1.0,FANTA FRUIT TWIST 2 LITRE BOTTLE,£1.85,1.85,(£0.09/100ml),0.09,100,ml,0.9,l,All products available for this offer,Any 2 for £2.00
2015-11-19 05:00:06.129596,TESCO,212017,Fizzy bottled drink,Fizzy Drinks,bottle,1.0,R WHITES LEMONADE 2 LITRE BOTTLE,£1.29,1.29,(£0.07/100ml),0.07,100,ml,0.7,l,,
2015-11-19 05:00:06.130993,TESCO,212017,Fizzy bottled drink,Fizzy Drinks,bottle,1.0,SCHWEPPES LEMONADE 2 LITRE BOTTLE,£1.29,1.29,(£0.07/100ml),0.07,100,ml,0.7,l,,
2015-11-19 05:00:06.162172,TESCO,212011,"Cola Flavoured Drink, bottle",Cola,nan,0.0,COCA COLA DIET COKE 1.75L,£1.85,1.85,(£0.11/100ml),0.11,100,ml,1.1,l,All products available for this offer,Any 2 for £2.00
2015-11-19 05:00:06.163677,TESCO,212011,"Cola Flavoured Drink, bottle",Cola,nan,0.0,COCA-COLA COKE 1.75L,£1.85,1.85,(£0.11/100ml),0.11,100,ml,1.1,l,All products available for this offer,Any 2 for £2.00
2015-11-19 05:00:06.165772,TESCO,212011,"Cola Flavoured Drink, bottle",Cola,nan,0.0,PEPSI MAX 2 LITRE BOTTLE,£1.98,1.98,(£0.10/100ml),0.1,100,ml,1.0,l,,
2015-11-19 05:00:06.167170,TESCO,212011,"Cola Flavoured Drink, bottle",Cola,nan,0.0,PEPSI REGULAR 2 LITRE BOTTLE,£1.98,1.98,(£0.10/100ml),0.1,100,ml,1.0,l,,
2015-11-19 05:00:06.168606,TESCO,212011,"Cola Flavoured Drink, bottle",Cola,nan,0.0,DIET COKE 24 X 330ML PACK,£5.00,5.0,(£0.06/100ml),0.06,100,ml,0.6,l,SAVE £2.00 Was £7.00 Now £5.00 - all products for this offer,SAVE £2.00 Was £7.00 Now £5.00
2015-11-19 05:00:06.170067,TESCO,212011,"Cola Flavoured Drink, bottle",Cola,nan,0.0,DIET COKE 8X330ML,£3.50,3.5,(£0.13/100ml),0.13,100,ml,1.3,l,All products available for this offer,Any 2 for £5.00
2015-11-19 05:00:06.171507,TESCO,212011,"Cola Flavoured Drink, bottle",Cola,nan,0.0,PEPSI DIET 2 LITRE BOTTLE,£1.98,1.98,(£0.10/100ml),0.1,100,ml,1.0,l,,
2015-11-19 05:00:06.172924,TESCO,212011,"Cola Flavoured Drink, bottle",Cola,nan,0.0,COCA COLA REGULAR 24 X 330ML PACK,£5.00,5.0,(£0.06/100ml),0.06,100,ml,0.6,l,SAVE £2.00 Was £7.00 Now £5.00 - all products for this offer,SAVE £2.00 Was £7.00 Now £5.00
2015-11-19 05:00:06.174487,TESCO,212011,"Cola Flavoured Drink, bottle",Cola,nan,0.0,COCA COLA REGULAR 8X330ML,£3.50,3.5,(£0.13/100ml),0.13,100,ml,1.3,l,All products available for this offer,Any 2 for £5.00
2015-11-19 05:00:06.176306,TESCO,212011,"Cola Flavoured Drink, bottle",Cola,nan,0.0,TESCO DIET COLA 2 LITRE BOTTLE,£0.55,0.55,(£0.03/100ml),0.03,100,ml,0.3,l,All products available for this offer,Any 2 for 90p
2015-11-19 05:00:06.177779,TESCO,212011,"Cola Flavoured Drink, bottle",Cola,nan,0.0,DIET COKE (GB) 12 X 330ML,£3.55,3.55,(£0.11/100ml),0.11,100,ml,1.1,l,,
2015-11-19 05:00:06.179158,TESCO,212011,"Cola Flavoured Drink, bottle",Cola,nan,0.0,COCA-COLA COKE ZERO 1.75L,£1.85,1.85,(£0.11/100ml),0.11,100,ml,1.1,l,All products available for this offer,Any 2 for £2.00
2015-11-19 05:00:06.180738,TESCO,212011,"Cola Flavoured Drink, bottle",Cola,nan,0.0,TESCO COLA 2 LITRE BOTTLE,£0.55,0.55,(£0.03/100ml),0.03,100,ml,0.3,l,All products available for this offer,Any 2 for 90p
2015-11-19 05:00:06.182218,TESCO,212011,"Cola Flavoured Drink, bottle",Cola,nan,0.0,COCA COLA REGULAR (GB) 12 X 330ML,£3.55,3.55,(£0.09/100ml),0.09,100,ml,0.9,l,,
2015-11-19 05:00:06.183647,TESCO,212011,"Cola Flavoured Drink, bottle",Cola,nan,0.0,TESCO XERO COLA 2 LITRE,£0.55,0.55,(£0.03/100ml),0.03,100,ml,0.3,l,All products available for this offer,Any 2 for 90p
2015-11-19 05:00:06.185163,TESCO,212011,"Cola Flavoured Drink, bottle",Cola,nan,0.0,COCA COLA DIET COKE CAFFEINE FREE 1.75L,£1.85,1.85,(£0.11/100ml),0.11,100,ml,1.1,l,All products available for this offer,Any 2 for £2.00
2015-11-19 05:00:06.187290,TESCO,212011,"Cola Flavoured Drink, bottle",Cola,nan,0.0,COCA COLA COKE ZERO 24X330ML,£5.00,5.0,(£0.06/100ml),0.06,100,ml,0.6,l,SAVE £2.00 Was £7.00 Now £5.00 - all products for this offer,SAVE £2.00 Was £7.00 Now £5.00
2015-11-19 05:00:06.189019,TESCO,212011,"Cola Flavoured Drink, bottle",Cola,nan,0.0,COKE ZERO 8X330ML,£3.50,3.5,(£0.13/100ml),0.13,100,ml,1.3,l,All products available for this offer,Any 2 for £5.00
2015-11-19 05:00:06.190511,TESCO,212011,"Cola Flavoured Drink, bottle",Cola,nan,0.0,PEPSI MAX CHERRY 2L,£1.98,1.98,(£0.10/100ml),0.1,100,ml,1.0,l,,
2015-11-19 05:00:06.214744,TESCO,210204,"Dry Spaghetti or pasta, 500g",Pasta & Spaghetti,500g,0.0,TESCO FUSILLI PASTA TWISTS 1KG,£0.99,0.99,(£0.99/kg),0.99,1.0,kg,0.99,kg,,
2015-11-19 05:00:06.217103,TESCO,210204,"Dry Spaghetti or pasta, 500g",Pasta & Spaghetti,500g,1.0,TESCO EVERYDAY VALUE PENNE 500G,£0.30,0.3,(£0.60/kg),0.6,1.0,kg,0.6,kg,,
2015-11-19 05:00:06.218541,TESCO,210204,"Dry Spaghetti or pasta, 500g",Pasta & Spaghetti,500g,1.0,TESCO EVERYDAY VALUE SPAGHETTI 500G,£0.20,0.2,(£0.40/kg),0.4,1.0,kg,0.4,kg,,
2015-11-19 05:00:06.219968,TESCO,210204,"Dry Spaghetti or pasta, 500g",Pasta & Spaghetti,500g,0.0,TESCO SPAGHETTI 1KG,£0.99,0.99,(£0.99/kg),0.99,1.0,kg,0.99,kg,,
2015-11-19 05:00:06.221396,TESCO,210204,"Dry Spaghetti or pasta, 500g",Pasta & Spaghetti,500g,1.0,TESCO WHOLE WHEAT FUSILLI PASTA 500G,£0.59,0.59,(£1.18/kg),1.18,1.0,kg,1.18,kg,,
2015-11-19 05:00:06.222793,TESCO,210204,"Dry Spaghetti or pasta, 500g",Pasta & Spaghetti,500g,1.0,TESCO MACARONI 500G,£0.59,0.59,(£1.18/kg),1.18,1.0,kg,1.18,kg,,
2015-11-19 05:00:06.224286,TESCO,210204,"Dry Spaghetti or pasta, 500g",Pasta & Spaghetti,500g,1.0,TESCO SHORT SPAGHETTI 500G,£0.59,0.59,(£1.18/kg),1.18,1.0,kg,1.18,kg,,
2015-11-19 05:00:06.226079,TESCO,210204,"Dry Spaghetti or pasta, 500g",Pasta & Spaghetti,500g,1.0,TESCO FUSILLI PASTA TWISTS 500G,£0.59,0.59,(£1.18/kg),1.18,1.0,kg,1.18,kg,,
2015-11-19 05:00:06.228238,TESCO,210204,"Dry Spaghetti or pasta, 500g",Pasta & Spaghetti,500g,0.0,TESCO PENNE PASTA QUILLS 1KG,£0.99,0.99,(£0.99/kg),0.99,1.0,kg,0.99,kg,,
2015-11-19 05:00:06.229664,TESCO,210204,"Dry Spaghetti or pasta, 500g",Pasta & Spaghetti,500g,1.0,TESCO LASAGNE 500G,£0.59,0.59,(£1.18/kg),1.18,1.0,kg,1.18,kg,,
2015-11-19 05:00:06.231084,TESCO,210204,"Dry Spaghetti or pasta, 500g",Pasta & Spaghetti,500g,0.0,TESCO FUSILLI PASTA TWISTS 3KG,£2.89,2.89,(£0.96/kg),0.96,1.0,kg,0.96,kg,,
2015-11-19 05:00:06.232551,TESCO,210204,"Dry Spaghetti or pasta, 500g",Pasta & Spaghetti,500g,1.0,TESCO QUICK COOK SPAGHETTI 500G,£0.59,0.59,(£1.18/kg),1.18,1.0,kg,1.18,kg,,
2015-11-19 05:00:06.233971,TESCO,210204,"Dry Spaghetti or pasta, 500g",Pasta & Spaghetti,500g,1.0,TESCO LINGUINE PASTA 500G,£0.59,0.59,(£1.18/kg),1.18,1.0,kg,1.18,kg,,
2015-11-19 05:00:06.235386,TESCO,210204,"Dry Spaghetti or pasta, 500g",Pasta & Spaghetti,500g,1.0,TESCO ORGANIC WHOLE WHEAT SPAGHETTI 500G,£1.00,1.0,(£2.00/kg),2.0,1.0,kg,2.0,kg,,
2015-11-19 05:00:06.236834,TESCO,210204,"Dry Spaghetti or pasta, 500g",Pasta & Spaghetti,500g,1.0,TESCO TRICOLORE FUSILLI PASTA TWISTS 500G,£0.59,0.59,(£1.18/kg),1.18,1.0,kg,1.18,kg,,
2015-11-19 05:00:06.238397,TESCO,210204,"Dry Spaghetti or pasta, 500g",Pasta & Spaghetti,500g,1.0,NAPOLINA SHORT SPAGHETTI 500G,£1.20,1.2,(£2.40/kg),2.4,1.0,kg,2.4,kg,,
2015-11-19 05:00:06.239853,TESCO,210204,"Dry Spaghetti or pasta, 500g",Pasta & Spaghetti,500g,1.0,TESCO FARFALLE PASTA BOWS 500G,£0.59,0.59,(£1.18/kg),1.18,1.0,kg,1.18,kg,,
2015-11-19 05:00:06.241280,TESCO,210204,"Dry Spaghetti or pasta, 500g",Pasta & Spaghetti,500g,0.0,TESCO EVERYDAY VALUE LASAGNE SHEETS 250G,£0.29,0.29,(£1.16/kg),1.16,1.0,kg,1.16,kg,,
2015-11-19 05:00:06.242673,TESCO,210204,"Dry Spaghetti or pasta, 500g",Pasta & Spaghetti,500g,1.0,TESCO WHOLE WHEAT PENNE 500G,£0.59,0.59,(£1.18/kg),1.18,1.0,kg,1.18,kg,,
2015-11-19 05:00:06.244111,TESCO,210204,"Dry Spaghetti or pasta, 500g",Pasta & Spaghetti,500g,1.0,NAPOLINA FUSILI BRONZE PASTA 500G,£1.89,1.89,(£3.78/kg),3.78,1.0,kg,3.78,kg,,
2015-11-19 05:00:06.260021,TESCO,210213,"Breakfast Cereal 1, sugar/chocolate coated",Childrens Cereals,nan,0.0,NESTLE SHREDDIES CEREAL 750G,£1.69,1.69,(£0.23/100g),0.23,100,g,2.3,kg,Half Price Was £3.39 Now £1.69 - all products for this offer,Half Price Was £3.39 Now £1.69
2015-11-19 05:00:06.261555,TESCO,210213,"Breakfast Cereal 1, sugar/chocolate coated",Childrens Cereals,nan,0.0,TESCO MALT WHEATS CEREAL 750G,£1.49,1.49,(£0.20/100g),0.2,100,g,2.0,kg,,
2015-11-19 05:00:06.262949,TESCO,210213,"Breakfast Cereal 1, sugar/chocolate coated",Childrens Cereals,nan,0.0,KELLOGGS VARIETY PACK CEREAL 8PK,£1.00,1.0,(£0.13/each),0.13,1.0,each,0.13,each,Half Price Was £2.00 Now £1.00 - all products for this offer,Half Price Was £2.00 Now £1.00
2015-11-19 05:00:06.265119,TESCO,210213,"Breakfast Cereal 1, sugar/chocolate coated",Childrens Cereals,nan,0.0,READY BREK ORIGINAL FLAVOUR 450G,£2.00,2.0,(£0.44/100g),0.44,100,g,4.4,kg,,
2015-11-19 05:00:06.266544,TESCO,210213,"Breakfast Cereal 1, sugar/chocolate coated",Childrens Cereals,nan,0.0,NESTLE CHEERIOS CEREAL 600G,£3.19,3.19,(£0.53/100g),0.53,100,g,5.3,kg,,
2015-11-19 05:00:06.267984,TESCO,210213,"Breakfast Cereal 1, sugar/chocolate coated",Childrens Cereals,nan,0.0,TESCO MULTIGRAIN HOOPS CEREAL 375G,£1.20,1.2,(£0.32/100g),0.32,100,g,3.2,kg,All products available for this offer,Any 3 for £3.00
2015-11-19 05:00:06.269478,TESCO,210213,"Breakfast Cereal 1, sugar/chocolate coated",Childrens Cereals,nan,0.0,WEETABIX WEETOS CEREAL 500G,£1.34,1.34,(£0.27/100g),0.27,100,g,2.7,kg,Half Price Was £2.69 Now £1.34 - all products for this offer,Half Price Was £2.69 Now £1.34
2015-11-19 05:00:06.270942,TESCO,210213,"Breakfast Cereal 1, sugar/chocolate coated",Childrens Cereals,nan,0.0,KELLOGGS RICE KRISPIES 510G,£2.79,2.79,(£0.55/100g),0.55,100,g,5.5,kg,,
2015-11-19 05:00:06.272372,TESCO,210213,"Breakfast Cereal 1, sugar/chocolate coated",Childrens Cereals,nan,0.0,KELLOGGS RICE KRISPIES 700G,£3.69,3.69,(£0.53/100g),0.53,100,g,5.3,kg,,
2015-11-19 05:00:06.273762,TESCO,210213,"Breakfast Cereal 1, sugar/chocolate coated",Childrens Cereals,nan,0.0,KELLOGGS FROSTIES CEREAL 750G,£2.69,2.69,(£0.36/100g),0.36,100,g,3.6,kg,,
2015-11-19 05:00:06.275777,TESCO,210213,"Breakfast Cereal 1, sugar/chocolate coated",Childrens Cereals,nan,0.0,TESCO FROSTED FLAKES CEREAL 500G,£1.20,1.2,(£0.24/100g),0.24,100,g,2.4,kg,All products available for this offer,Any 3 for £3.00
2015-11-19 05:00:06.277300,TESCO,210213,"Breakfast Cereal 1, sugar/chocolate coated",Childrens Cereals,nan,0.0,NESTLE CHEERIOS CEREAL 375G,£1.24,1.24,(£0.33/100g),0.33,100,g,3.3,kg,Half Price Was £2.49 Now £1.24 - all products for this offer,Half Price Was £2.49 Now £1.24
2015-11-19 05:00:06.278765,TESCO,210213,"Breakfast Cereal 1, sugar/chocolate coated",Childrens Cereals,nan,0.0,KELLOGGS COCO POPS CEREAL 800G,£3.00,3.0,(£0.38/100g),0.38,100,g,3.8,kg,SAVE 75p Was £3.75 Now £3.00 - all products for this offer,SAVE 75p Was £3.75 Now £3.00
2015-11-19 05:00:06.280268,TESCO,210213,"Breakfast Cereal 1, sugar/chocolate coated",Childrens Cereals,nan,0.0,READY BREK ORIGINAL PORRIDGE 750G,£2.99,2.99,(£0.40/100g),0.4,100,g,4.0,kg,,
2015-11-19 05:00:06.281684,TESCO,210213,"Breakfast Cereal 1, sugar/chocolate coated",Childrens Cereals,nan,0.0,TESCO MULTIGRAIN BOULDERS CEREAL 375G,£1.20,1.2,(£0.32/100g),0.32,100,g,3.2,kg,All products available for this offer,Any 3 for £3.00
2015-11-19 05:00:06.283158,TESCO,210213,"Breakfast Cereal 1, sugar/chocolate coated",Childrens Cereals,nan,0.0,HONEY MONSTER PUFFS CEREAL 320G,£1.00,1.0,(£0.31/100g),0.31,100,g,3.1,kg,Better Than Half Price Was £2.29 Now £1.00 - all products for this offer,Better Than Half Price Was £2.29 Now £1.00
2015-11-19 05:00:06.284706,TESCO,210213,"Breakfast Cereal 1, sugar/chocolate coated",Childrens Cereals,nan,0.0,KELLOGGS COCO POPS 550G,£2.69,2.69,(£0.49/100g),0.49,100,g,4.9,kg,,
2015-11-19 05:00:06.286486,TESCO,210213,"Breakfast Cereal 1, sugar/chocolate coated",Childrens Cereals,nan,0.0,TESCO CHOCO SNAPS CEREAL 600G,£1.70,1.7,(£0.28/100g),0.28,100,g,2.8,kg,,
2015-11-19 05:00:06.287938,TESCO,210213,"Breakfast Cereal 1, sugar/chocolate coated",Childrens Cereals,nan,0.0,TESCO RICE SNAPS CEREAL 600G,£1.70,1.7,(£0.28/100g),0.28,100,g,2.8,kg,,
2015-11-19 05:00:06.289371,TESCO,210213,"Breakfast Cereal 1, sugar/chocolate coated",Childrens Cereals,nan,0.0,RICE KRISPIES MULTIGRAIN CEREAL 350G,£2.69,2.69,(£0.77/100g),0.77,100,g,7.7,kg,All products available for this offer,Any 2 for £4.00
2015-11-19 05:00:06.317365,TESCO,210214,"Breakfast Cereal 2, NOT sugar/chocolate coated",Healthier Cereal,nan,0.0,TESCO BRAN FLAKES CEREAL 1KG,£1.49,1.49,(£0.15/100g),0.15,100,g,1.5,kg,,
2015-11-19 05:00:06.318807,TESCO,210214,"Breakfast Cereal 2, NOT sugar/chocolate coated",Healthier Cereal,nan,0.0,KELLOGGS ALL-BRAN CEREAL 750G,£2.89,2.89,(£0.39/100g),0.39,100,g,3.9,kg,,
2015-11-19 05:00:06.320871,TESCO,210214,"Breakfast Cereal 2, NOT sugar/chocolate coated",Healthier Cereal,nan,0.0,KELLOGGS BRAN FLAKES 500G,£2.09,2.09,(£0.42/100g),0.42,100,g,4.2,kg,,
2015-11-19 05:00:06.322293,TESCO,210214,"Breakfast Cereal 2, NOT sugar/chocolate coated",Healthier Cereal,nan,0.0,TESCO BRAN FLAKES 500G,£0.79,0.79,(£0.16/100g),0.16,100,g,1.6,kg,,
2015-11-19 05:00:06.323731,TESCO,210214,"Breakfast Cereal 2, NOT sugar/chocolate coated",Healthier Cereal,nan,0.0,KELLOGGS BRAN FLAKES 750G,£2.89,2.89,(£0.39/100g),0.39,100,g,3.9,kg,,
2015-11-19 05:00:06.326111,TESCO,210214,"Breakfast Cereal 2, NOT sugar/chocolate coated",Healthier Cereal,nan,0.0,SHREDDED WHEAT BITESIZE CEREAL 500G,£2.49,2.49,(£0.50/100g),0.5,100,g,5.0,kg,,
2015-11-19 05:00:06.327703,TESCO,210214,"Breakfast Cereal 2, NOT sugar/chocolate coated",Healthier Cereal,nan,0.0,NESTLE SHREDDED WHEAT CEREAL BITESIZE 750G,£3.19,3.19,(£0.43/100g),0.43,100,g,4.3,kg,,
2015-11-19 05:00:06.329122,TESCO,210214,"Breakfast Cereal 2, NOT sugar/chocolate coated",Healthier Cereal,nan,0.0,NESTLE SHREDDED WHEAT CEREAL 30'S,£2.18,2.18,(£0.07/each),0.07,1.0,each,0.07,each,,
2015-11-19 05:00:06.330522,TESCO,210214,"Breakfast Cereal 2, NOT sugar/chocolate coated",Healthier Cereal,nan,0.0,TESCO SPECIAL FLAKE CEREAL 500G,£1.49,1.49,(£0.30/100g),0.3,100,g,3.0,kg,,
2015-11-19 05:00:06.331989,TESCO,210214,"Breakfast Cereal 2, NOT sugar/chocolate coated",Healthier Cereal,nan,0.0,KELLOGGS SPECIAL K 750G,£3.99,3.99,(£0.53/100g),0.53,100,g,5.3,kg,,
2015-11-19 05:00:06.333468,TESCO,210214,"Breakfast Cereal 2, NOT sugar/chocolate coated",Healthier Cereal,nan,0.0,TESCO BLUEBERRY WHEATS CEREAL 500G,£1.99,1.99,(£0.40/100g),0.4,100,g,4.0,kg,,
2015-11-19 05:00:06.334868,TESCO,210214,"Breakfast Cereal 2, NOT sugar/chocolate coated",Healthier Cereal,nan,0.0,KELLOGGS SPECIAL K 500G,£2.99,2.99,(£0.54/100g),0.54,100,g,5.4,kg,All products available for this offer,Any 2 for £4.00
2015-11-19 05:00:06.336418,TESCO,210214,"Breakfast Cereal 2, NOT sugar/chocolate coated",Healthier Cereal,nan,0.0,TESCO SULTANA BRAN CEREAL 750G,£1.69,1.69,(£0.23/100g),0.23,100,g,2.3,kg,,
2015-11-19 05:00:06.337820,TESCO,210214,"Breakfast Cereal 2, NOT sugar/chocolate coated",Healthier Cereal,nan,0.0,TESCO SPECIAL FLAKE FRUIT 375G,£1.49,1.49,(£0.40/100g),0.4,100,g,4.0,kg,,
2015-11-19 05:00:06.339265,TESCO,210214,"Breakfast Cereal 2, NOT sugar/chocolate coated",Healthier Cereal,nan,0.0,KELLOGGS FROSTED WHEATS CEREAL 500G,£2.69,2.69,(£0.54/100g),0.54,100,g,5.4,kg,All products available for this offer,Any 2 for £4.00
2015-11-19 05:00:06.340785,TESCO,210214,"Breakfast Cereal 2, NOT sugar/chocolate coated",Healthier Cereal,nan,0.0,SPECIAL K RED BERRIES 360G,£2.99,2.99,(£0.83/100g),0.83,100,g,8.3,kg,All products available for this offer,Any 2 for £4.00
2015-11-19 05:00:06.342299,TESCO,210214,"Breakfast Cereal 2, NOT sugar/chocolate coated",Healthier Cereal,nan,0.0,KELLOGGS SPECIAL K ORIGINAL 370G,£2.49,2.49,(£0.67/100g),0.67,100,g,6.7,kg,All products available for this offer,Any 2 for £4.00
2015-11-19 05:00:06.343809,TESCO,210214,"Breakfast Cereal 2, NOT sugar/chocolate coated",Healthier Cereal,nan,0.0,WEETABIX OATIFLAKES CEREAL 550G,£2.69,2.69,(£0.49/100g),0.49,100,g,4.9,kg,,
2015-11-19 05:00:06.345260,TESCO,210214,"Breakfast Cereal 2, NOT sugar/chocolate coated",Healthier Cereal,nan,0.0,KELLOGGS SPECIAL K RED BERRIES 500G,£3.99,3.99,(£0.80/100g),0.8,100,g,8.0,kg,,
2015-11-19 05:00:06.346678,TESCO,210214,"Breakfast Cereal 2, NOT sugar/chocolate coated",Healthier Cereal,nan,0.0,WEETABIX OATIBIX CEREAL 24 PACK,£2.69,2.69,(£0.11/each),0.11,1.0,each,0.11,each,,
2015-11-19 05:00:06.377517,TESCO,210113,"Wholemeal Sliced Loaf, branded",Brown Bread,,1.0,HOVIS WHOLEMEAL MEDIUM BREAD 800G,£0.89,0.89,(£0.11/100g),0.11,100,g,1.1,kg,,
2015-11-19 05:00:06.378922,TESCO,210113,"Wholemeal Sliced Loaf, branded",Brown Bread,,1.0,HOVIS WHOLEMEAL THICK BREAD 800G,£0.89,0.89,(£0.11/100g),0.11,100,g,1.1,kg,,
2015-11-19 05:00:06.380381,TESCO,210113,"Wholemeal Sliced Loaf, branded",Brown Bread,,1.0,WARBURTONS WHOLEMEAL MEDIUM BREAD 800G,£1.00,1.0,(£0.13/100g),0.13,100,g,1.3,kg,,
2015-11-19 05:00:06.381754,TESCO,210113,"Wholemeal Sliced Loaf, branded",Brown Bread,,1.0,TESCO STAY FRESH WHOLEMEAL MEDIUM BREAD 800G,£0.55,0.55,(£0.07/100g),0.07,100,g,0.7,kg,,
2015-11-19 05:00:06.383169,TESCO,210113,"Wholemeal Sliced Loaf, branded",Brown Bread,,1.0,ALLINSON WHOLEMEAL BREAD LOAF 800G,£1.00,1.0,(£0.13/100g),0.13,100,g,1.3,kg,,
2015-11-19 05:00:06.384631,TESCO,210113,"Wholemeal Sliced Loaf, branded",Brown Bread,,1.0,TESCO WHOLEMEAL MEDIUM BREAD 800G,£0.55,0.55,(£0.07/100g),0.07,100,g,0.7,kg,,
2015-11-19 05:00:06.386006,TESCO,210113,"Wholemeal Sliced Loaf, branded",Brown Bread,,1.0,TESCO EVERYDAY VALUE MEDIUM SLICED WHOLEMEAL BR...,£0.40,0.4,(£0.05/100g),0.05,100,g,0.5,kg,,
2015-11-19 05:00:06.387381,TESCO,210113,"Wholemeal Sliced Loaf, branded",Brown Bread,,1.0,TESCO FINEST STONE GROUND WHOLEMEAL FARMHOUSE B...,£1.00,1.0,(£0.13/100g),0.13,100,g,1.3,kg,,
2015-11-19 05:00:06.388801,TESCO,210113,"Wholemeal Sliced Loaf, branded",Brown Bread,,1.0,HOVIS ORIGINAL WHEATGERM BREAD 400G,£0.64,0.64,(£0.16/100g),0.16,100,g,1.6,kg,,
2015-11-19 05:00:06.390186,TESCO,210113,"Wholemeal Sliced Loaf, branded",Brown Bread,,1.0,KINGSMILL WHOLEMEAL BREAD 400G,£0.50,0.5,(£0.13/100g),0.13,100,g,1.3,kg,,
2015-11-19 05:00:06.391574,TESCO,210113,"Wholemeal Sliced Loaf, branded",Brown Bread,,1.0,WHEATFIELD WHOLEMEAL BATCH BREAD 800G,£0.75,0.75,(£0.09/100g),0.09,100,g,0.9,kg,,
2015-11-19 05:00:06.392976,TESCO,210113,"Wholemeal Sliced Loaf, branded",Brown Bread,,1.0,KINGSMILL TASTY WHOLEMEAL MEDIUM BREAD 800G,£0.75,0.75,(£0.09/100g),0.09,100,g,0.9,kg,,
2015-11-19 05:00:06.512512,TESCO,210111,"White Sliced Loaf, branded",White Bread,sliced,0.0,HOVIS SOFT WHITE MEDIUM BREAD 800G,£0.89,0.89,(£0.11/100g),0.11,100,g,1.1,kg,,
2015-11-19 05:00:06.513996,TESCO,210111,"White Sliced Loaf, branded",White Bread,sliced,1.0,WARBURTONS TOASTIE SLICED WHITE BREAD 800G,£1.00,1.0,(£0.13/100g),0.13,100,g,1.3,kg,,
2015-11-19 05:00:06.515441,TESCO,210111,"White Sliced Loaf, branded",White Bread,sliced,0.0,HOVIS SOFT WHITE THICK BREAD 800G,£0.89,0.89,(£0.11/100g),0.11,100,g,1.1,kg,,
2015-11-19 05:00:06.516938,TESCO,210111,"White Sliced Loaf, branded",White Bread,sliced,1.0,WARBURTONS MEDIUM SLICED WHITE BREAD 800G,£1.00,1.0,(£0.13/100g),0.13,100,g,1.3,kg,,
2015-11-19 05:00:06.518497,TESCO,210111,"White Sliced Loaf, branded",White Bread,sliced,0.0,WARBURTONS FARMHOUSE WHITE BREAD 800G,£1.25,1.25,(£0.16/100g),0.16,100,g,1.6,kg,,
2015-11-19 05:00:06.519975,TESCO,210111,"White Sliced Loaf, branded",White Bread,sliced,0.0,TESCO STAY FRESH WHITE MEDIUM BREAD 800G,£0.55,0.55,(£0.07/100g),0.07,100,g,0.7,kg,,
2015-11-19 05:00:06.521395,TESCO,210111,"White Sliced Loaf, branded",White Bread,sliced,1.0,WARBURTONS TOASTIE SLICED WHITE BREAD 400G,£0.79,0.79,(£0.20/100g),0.2,100,g,2.0,kg,,
2015-11-19 05:00:06.522784,TESCO,210111,"White Sliced Loaf, branded",White Bread,sliced,0.0,TESCO FINEST WHITE FARMHOUSE BREAD 800G,£1.00,1.0,(£0.13/100g),0.13,100,g,1.3,kg,,
2015-11-19 05:00:06.524262,TESCO,210111,"White Sliced Loaf, branded",White Bread,sliced,1.0,TESCO EVERYDAY VALUE SLICED WHITE BREAD 800G,£0.40,0.4,(£0.05/100g),0.05,100,g,0.5,kg,,
2015-11-19 05:00:06.526076,TESCO,210111,"White Sliced Loaf, branded",White Bread,sliced,0.0,TESCO WHITE THICK BREAD 800G,£0.55,0.55,(£0.07/100g),0.07,100,g,0.7,kg,,
2015-11-19 05:00:06.527463,TESCO,210111,"White Sliced Loaf, branded",White Bread,sliced,0.0,TESCO WHITE TOASTIE THICK 800G,£0.55,0.55,(£0.07/100g),0.07,100,g,0.7,kg,,
2015-11-19 05:00:06.532113,TESCO,210111,"White Sliced Loaf, branded",White Bread,sliced,0.0,TESCO WHITE MEDIUM BREAD 800G,£0.55,0.55,(£0.07/100g),0.07,100,g,0.7,kg,,
2015-11-19 05:00:06.533540,TESCO,210111,"White Sliced Loaf, branded",White Bread,sliced,0.0,KINGSMILL SOFT WHITE 400G,£0.50,0.5,(£0.13/100g),0.13,100,g,1.3,kg,,
2015-11-19 05:00:06.534932,TESCO,210111,"White Sliced Loaf, branded",White Bread,sliced,0.0,HOVIS SOFT WHITE DOORSTEP BREAD 800G,£0.89,0.89,(£0.11/100g),0.11,100,g,1.1,kg,,
2015-11-19 05:00:06.536372,TESCO,210111,"White Sliced Loaf, branded",White Bread,sliced,0.0,KINGSMILL SOFT WHITE MEDIUM 800G,£0.75,0.75,(£0.09/100g),0.09,100,g,0.9,kg,,
2015-11-19 05:00:06.537765,TESCO,210111,"White Sliced Loaf, branded",White Bread,sliced,0.0,TESCO WHITE FARMHOUSE BATCH 800G,£0.75,0.75,(£0.09/100g),0.09,100,g,0.9,kg,,
2015-11-19 05:00:06.547691,TESCO,310405,"Brandy, bottle",Brandy & Cognac,brandy,1.0,STOCK XO BRANDY 70 CL,£17.00,17.0,(£24.29/l),24.29,1.0,l,24.29,l,SAVE £4.50 Was £21.50 Then £17.20 Now £17.00 - all products for this offer,SAVE £4.50 Was £21.50 Then £17.20 Now £17.00
2015-11-19 05:00:06.549218,TESCO,310405,"Brandy, bottle",Brandy & Cognac,brandy,0.0,TESCO CALVADOS VSOP 50CL,£15.50,15.5,(£31.00/l),31.0,1.0,l,31.0,l,,
2015-11-19 05:00:06.551027,TESCO,310405,"Brandy, bottle",Brandy & Cognac,brandy,0.0,TESCO VSOP ARMAGNAC 70CL,£22.00,22.0,(£31.43/l),31.43,1.0,l,31.43,l,,
2015-11-19 05:00:06.552461,TESCO,310405,"Brandy, bottle",Brandy & Cognac,brandy,1.0,E&J BRANDY 70CL,£14.00,14.0,(£20.00/l),20.0,1.0,l,20.0,l,SAVE £2.00 Was £16.00 Now £14.00 - all products for this offer,SAVE £2.00 Was £16.00 Now £14.00
2015-11-19 05:00:06.553942,TESCO,310405,"Brandy, bottle",Brandy & Cognac,brandy,0.0,MARTELL V.S. COGNAC 1L,£34.00,34.0,(£34.00/l),34.0,1.0,l,34.0,l,,
2015-11-19 05:00:06.555344,TESCO,310405,"Brandy, bottle",Brandy & Cognac,brandy,0.0,COURVOISIER V.S.O.P COGNAC 35CL,£16.00,16.0,(£45.72/l),45.72,1.0,l,45.72,l,SAVE £2.00 Was £18.00 Now £16.00 - all products for this offer,SAVE £2.00 Was £18.00 Now £16.00
2015-11-19 05:00:06.556849,TESCO,310405,"Brandy, bottle",Brandy & Cognac,brandy,0.0,MARTELL V.S. COGNAC 35CL,£14.00,14.0,(£40.00/l),40.0,1.0,l,40.0,l,,
2015-11-19 05:00:06.558218,TESCO,310405,"Brandy, bottle",Brandy & Cognac,brandy,0.0,THREE BARRELS HONEY 70CL,£14.00,14.0,(£20.00/l),20.0,1.0,l,20.0,l,SAVE £3.00 Was £17.00 Now £14.00 - all products for this offer,SAVE £3.00 Was £17.00 Now £14.00
2015-11-19 05:00:06.559680,TESCO,310405,"Brandy, bottle",Brandy & Cognac,brandy,0.0,HENNESSY FINE DE COGNAC 70CL,£32.00,32.0,(£45.72/l),45.72,1.0,l,45.72,l,SAVE £6.00 Was £38.00 Now £32.00 - all products for this offer,SAVE £6.00 Was £38.00 Now £32.00
2015-11-19 05:00:06.561181,TESCO,310405,"Brandy, bottle",Brandy & Cognac,brandy,0.0,TESCO VSOP COGNAC 70CL,£22.50,22.5,(£32.15/l),32.15,1.0,l,32.15,l,,
2015-11-19 05:00:06.562554,TESCO,310405,"Brandy, bottle",Brandy & Cognac,brandy,0.0,TESCO FINEST XO COGNAC 70CL,£48.00,48.0,(£68.58/l),68.58,1.0,l,68.58,l,,
2015-11-19 05:00:06.564340,TESCO,310405,"Brandy, bottle",Brandy & Cognac,brandy,1.0,BARDINET VSOP FRENCH BRANDY 1LITRE,£19.00,19.0,(£19.00/l),19.0,1.0,l,19.0,l,,
2015-11-19 05:00:06.604504,TESCO,310401,"Whisky, bottle",Whisky,whisky,1.0,FAMOUS GROUSE SCOTCH WHISKY 35CL,£9.50,9.5,(£27.15/l),27.15,1.0,l,27.15,l,,
2015-11-19 05:00:06.605953,TESCO,310401,"Whisky, bottle",Whisky,whisky,1.0,JOHNNIE WALKER BLACK LABEL WHISKY 70CL,£23.00,23.0,(£32.86/l),32.86,1.0,l,32.86,l,All products available for this offer,Only £23.00
2015-11-19 05:00:06.607394,TESCO,310401,"Whisky, bottle",Whisky,whisky,0.0,JACK DANIEL'S TENNESSEE WHISKEY 1L,£34.00,34.0,(£34.00/l),34.0,1.0,l,34.0,l,,
2015-11-19 05:00:06.608841,TESCO,310401,"Whisky, bottle",Whisky,whisky,1.0,OLD SAMUEL BLENDED BOURBON WHISKY 70CL,£13.50,13.5,(£19.29/l),19.29,1.0,l,19.29,l,,
2015-11-19 05:00:06.610245,TESCO,310401,"Whisky, bottle",Whisky,whisky,0.0,THE GLENLIVET FOUNDERS RESERVE 70CL,£33.39,33.39,(£47.70/l),47.7,1.0,l,47.7,l,,
2015-11-19 05:00:06.611748,TESCO,310401,"Whisky, bottle",Whisky,whisky,0.0,JACK DANIELS TENNESSEE FIRE 70CL,£18.00,18.0,(£25.72/l),25.72,1.0,l,25.72,l,All products available for this offer,Only £18.00
2015-11-19 05:00:06.613267,TESCO,310401,"Whisky, bottle",Whisky,whisky,0.0,SPIRIT OF LOUISIANA 70CL,£12.00,12.0,(£17.15/l),17.15,1.0,l,17.15,l,,
2015-11-19 05:00:06.615368,TESCO,310401,"Whisky, bottle",Whisky,whisky,0.0,WILD TURKEY BOURBON WHISKEY 70CL,£15.00,15.0,(£21.43/l),21.43,1.0,l,21.43,l,SAVE £8.00 Was £23.00 Now £15.00 - all products for this offer,SAVE £8.00 Was £23.00 Now £15.00
2015-11-19 05:00:06.616944,TESCO,310401,"Whisky, bottle",Whisky,whisky,1.0,GLEN MORAY SINGLE MALT WHISKY 70CL,£18.00,18.0,(£25.72/l),25.72,1.0,l,25.72,l,SAVE £2.00 Was £20.00 Now £18.00 - all products for this offer,SAVE £2.00 Was £20.00 Now £18.00
2015-11-19 05:00:06.618454,TESCO,310401,"Whisky, bottle",Whisky,whisky,0.0,TALISKER STORM 70CL,£30.00,30.0,(£42.86/l),42.86,1.0,l,42.86,l,All products available for this offer,Only £30.00
2015-11-19 05:00:06.619991,TESCO,310401,"Whisky, bottle",Whisky,whisky,1.0,WHYTE AND MACKAY SCOTCH WHISKY 70CL,£13.00,13.0,(£18.58/l),18.58,1.0,l,18.58,l,,
2015-11-19 05:00:06.621436,TESCO,310401,"Whisky, bottle",Whisky,whisky,0.0,JACK DANIEL'S TENNESSEE WHISKEY 35CL,£13.50,13.5,(£38.58/l),38.58,1.0,l,38.58,l,,
2015-11-19 05:00:06.622831,TESCO,310401,"Whisky, bottle",Whisky,whisky,1.0,LAPHROAIG ISLAY SINGLE MALT WHISKY 70CL,£30.00,30.0,(£42.86/l),42.86,1.0,l,42.86,l,SAVE £3.50 Was £33.50 Now £30.00 - all products for this offer,SAVE £3.50 Was £33.50 Now £30.00
2015-11-19 05:00:06.624509,TESCO,310401,"Whisky, bottle",Whisky,whisky,0.0,JIM BEAM MAPLE 70CL,£19.00,19.0,(£27.15/l),27.15,1.0,l,27.15,l,,
2015-11-19 05:00:06.629615,TESCO,310401,"Whisky, bottle",Whisky,whisky,1.0,ISLE OF JURA ORIGIN MALT WHISKY 70CL,£31.00,31.0,(£44.29/l),44.29,1.0,l,44.29,l,SAVE £6.00 Was £31.00 Now £25.00 - all products for this offer,SAVE £6.00 Was £31.00 Now £25.00
2015-11-19 05:00:06.631098,TESCO,310401,"Whisky, bottle",Whisky,whisky,0.0,JIM BEAM RED STAG BLACK CHERRY 70CL,£15.00,15.0,(£21.43/l),21.43,1.0,l,21.43,l,SAVE £4.00 Was £19.00 Now £15.00 - all products for this offer,SAVE £4.00 Was £19.00 Now £15.00
2015-11-19 05:00:06.632639,TESCO,310401,"Whisky, bottle",Whisky,whisky,0.0,SOUTHERN COMFORT 1 LITRE,£23.00,23.0,(£23.00/l),23.0,1.0,l,23.0,l,SAVE £5.00 Was £28.00 Now £23.00 - all products for this offer,SAVE £5.00 Was £28.00 Now £23.00
2015-11-19 05:00:06.634089,TESCO,310401,"Whisky, bottle",Whisky,whisky,1.0,HIGHLAND PARK MALT WHISKY 70CL,£26.00,26.0,(£37.15/l),37.15,1.0,l,37.15,l,SAVE £7.00 Was £33.00 Now £26.00 - all products for this offer,SAVE £7.00 Was £33.00 Now £26.00
2015-11-19 05:00:06.635620,TESCO,310401,"Whisky, bottle",Whisky,whisky,0.0,BUSHMILL ORIGINAL 70CL IRISH WHISKEY,£19.00,19.0,(£27.15/l),27.15,1.0,l,27.15,l,,
2015-11-19 05:00:06.637040,TESCO,310401,"Whisky, bottle",Whisky,whisky,0.0,SOUTHERN COMFORT 35CL,£12.00,12.0,(£34.29/l),34.29,1.0,l,34.29,l,,
2015-11-19 05:00:06.648198,TESCO,310403,"Vodka, bottle",Vodka,vodka,1.0,ZUBROWKA BISON GRASS VODKA 70CL,£17.00,17.0,(£24.29/l),24.29,1.0,l,24.29,l,SAVE £3.00 Was £20.00 Now £17.00 - all products for this offer,SAVE £3.00 Was £20.00 Now £17.00
2015-11-19 05:00:06.650013,TESCO,310403,"Vodka, bottle",Vodka,vodka,0.0,SMIRNOFF GOLD 70CL,£17.00,17.0,(£24.29/l),24.29,1.0,l,24.29,l,All products available for this offer,Only £17.00
2015-11-19 05:00:06.651536,TESCO,310403,"Vodka, bottle",Vodka,vodka,0.0,CIROC RED BERRY 70CL,£30.00,30.0,(£42.86/l),42.86,1.0,l,42.86,l,SAVE £8.00 Was £38.00 Now £30.00 - all products for this offer,SAVE £8.00 Was £38.00 Now £30.00
2015-11-19 05:00:06.653085,TESCO,310403,"Vodka, bottle",Vodka,vodka,1.0,SMIRNOFF RED VODKA 50CL,£12.00,12.0,(£24.00/l),24.0,1.0,l,24.0,l,,
2015-11-19 05:00:06.654476,TESCO,310403,"Vodka, bottle",Vodka,vodka,1.0,CIROC VODKA 70CL,£30.00,30.0,(£42.86/l),42.86,1.0,l,42.86,l,SAVE £8.00 Was £38.00 Now £30.00 - all products for this offer,SAVE £8.00 Was £38.00 Now £30.00
2015-11-19 05:00:06.655975,TESCO,310403,"Vodka, bottle",Vodka,vodka,1.0,FINLANDIA VODKA 70CL,£18.00,18.0,(£25.72/l),25.72,1.0,l,25.72,l,,
2015-11-19 05:00:06.657398,TESCO,310403,"Vodka, bottle",Vodka,vodka,1.0,GREY GOOSE VODKA 35CL,£20.00,20.0,(£57.15/l),57.15,1.0,l,57.15,l,,
2015-11-19 05:00:06.658793,TESCO,310403,"Vodka, bottle",Vodka,vodka,0.0,CIROC PINEAPPLE 70CL,£30.00,30.0,(£42.86/l),42.86,1.0,l,42.86,l,SAVE £8.00 Was £38.00 Now £30.00 - all products for this offer,SAVE £8.00 Was £38.00 Now £30.00
2015-11-19 05:00:06.660329,TESCO,310403,"Vodka, bottle",Vodka,vodka,1.0,ABSOLUT MANGO VODKA 70CL,£15.00,15.0,(£21.43/l),21.43,1.0,l,21.43,l,SAVE £4.50 Was £19.50 Now £15.00 - all products for this offer,SAVE £4.50 Was £19.50 Now £15.00
2015-11-19 05:00:06.661785,TESCO,310403,"Vodka, bottle",Vodka,vodka,1.0,ABSOLUT CITRON VODKA 70CL,£15.00,15.0,(£21.43/l),21.43,1.0,l,21.43,l,SAVE £4.50 Was £19.50 Now £15.00 - all products for this offer,SAVE £4.50 Was £19.50 Now £15.00
2015-11-19 05:00:06.663272,TESCO,310403,"Vodka, bottle",Vodka,vodka,1.0,ABSOLUT VODKA 35CL,£10.00,10.0,(£28.58/l),28.58,1.0,l,28.58,l,,
2015-11-19 05:00:06.664706,TESCO,310403,"Vodka, bottle",Vodka,vodka,1.0,BELVEDERE VODKA 70CL,£30.00,30.0,(£42.86/l),42.86,1.0,l,42.86,l,SAVE £6.00 Was £36.00 Now £30.00 - all products for this offer,SAVE £6.00 Was £36.00 Now £30.00
2015-11-19 05:00:06.666183,TESCO,310403,"Vodka, bottle",Vodka,vodka,0.0,ABSOLUT CHERRYS 70CL,£15.00,15.0,(£21.43/l),21.43,1.0,l,21.43,l,SAVE £4.50 Was £19.50 Now £15.00 - all products for this offer,SAVE £4.50 Was £19.50 Now £15.00
2015-11-19 05:00:06.667654,TESCO,310403,"Vodka, bottle",Vodka,vodka,1.0,GLEN'S VODKA 35CL,£7.50,7.5,(£16.08/75cl),16.08,75,cl,21.44,l,,
2015-11-19 05:00:06.669072,TESCO,310403,"Vodka, bottle",Vodka,vodka,1.0,TESCO FINEST VODKA 70CL,£20.00,20.0,(£28.58/l),28.58,1.0,l,28.58,l,,
2015-11-19 05:00:06.670443,TESCO,310403,"Vodka, bottle",Vodka,vodka,1.0,GLENS VODKA 70CL,£14.00,14.0,(£20.00/l),20.0,1.0,l,20.0,l,,
2015-11-19 05:00:06.713033,TESCO,310427,"RUM, WHITE, BOTTLE",Rum,white rum,0.5,BACARDI OAKHEART SPICED RUM 70CL,£13.00,13.0,(£18.58/l),18.58,1.0,l,18.58,l,All products available for this offer,Only £13.00
2015-11-19 05:00:06.714510,TESCO,310427,"RUM, WHITE, BOTTLE",Rum,white rum,0.5,MOUNT GAY BARBADOS RUM 70CL,£15.00,15.0,(£21.43/l),21.43,1.0,l,21.43,l,SAVE £3.00 Was £18.00 Now £15.00 - all products for this offer,SAVE £3.00 Was £18.00 Now £15.00
2015-11-19 05:00:06.715993,TESCO,310427,"RUM, WHITE, BOTTLE",Rum,white rum,0.0,HAVANA CLUB ESPECIAL 70CL,£16.00,16.0,(£22.86/l),22.86,1.0,l,22.86,l,SAVE £4.00 Was £20.00 Now £16.00 - all products for this offer,SAVE £4.00 Was £20.00 Now £16.00
2015-11-19 05:00:06.717531,TESCO,310427,"RUM, WHITE, BOTTLE",Rum,white rum,0.5,BACARDI CARTA BLANCA RUM 35CL,£9.00,9.0,(£25.72/l),25.72,1.0,l,25.72,l,,
2015-11-19 05:00:06.718946,TESCO,310427,"RUM, WHITE, BOTTLE",Rum,white rum,1.0,TESCO WHITE RUM 35CL,£6.50,6.5,(£18.58/l),18.58,1.0,l,18.58,l,,
2015-11-19 05:00:06.720391,TESCO,310427,"RUM, WHITE, BOTTLE",Rum,white rum,0.5,LAMBS SPICED RUM 70CL,£12.00,12.0,(£17.15/l),17.15,1.0,l,17.15,l,SAVE £2.00 Was £14.00 Now £12.00 - all products for this offer,SAVE £2.00 Was £14.00 Now £12.00
2015-11-19 05:00:06.721841,TESCO,310427,"RUM, WHITE, BOTTLE",Rum,white rum,0.5,COCKSPUR GOLDEN RUM 70CL,£14.00,14.0,(£20.00/l),20.0,1.0,l,20.0,l,,
2015-11-19 05:00:06.723211,TESCO,310427,"RUM, WHITE, BOTTLE",Rum,white rum,0.0,HAVANA CLUB 7 YEAR OLD 70CL,£22.00,22.0,(£31.43/l),31.43,1.0,l,31.43,l,,
2015-11-19 05:00:06.724917,TESCO,310427,"RUM, WHITE, BOTTLE",Rum,white rum,0.0,HAVANA CLUB 3 YEAR OLD 70CL,£20.00,20.0,(£28.58/l),28.58,1.0,l,28.58,l,,
2015-11-19 05:00:06.726448,TESCO,310427,"RUM, WHITE, BOTTLE",Rum,white rum,0.5,APPLETON VX JAMAICA RUM 70CL,£16.00,16.0,(£22.86/l),22.86,1.0,l,22.86,l,SAVE £5.00 Was £21.00 Now £16.00 - all products for this offer,SAVE £5.00 Was £21.00 Now £16.00
2015-11-19 05:00:06.728692,TESCO,310427,"RUM, WHITE, BOTTLE",Rum,white rum,1.0,MALIBU WHITE RUM WITH COCONUT 35CL,£8.00,8.0,(£22.86/l),22.86,1.0,l,22.86,l,,
2015-11-19 05:00:06.730097,TESCO,310427,"RUM, WHITE, BOTTLE",Rum,white rum,0.5,WRAY AND NEPHEW OVERPROOF RUM 70CL,£25.50,25.5,(£36.43/l),36.43,1.0,l,36.43,l,,
2015-11-19 05:00:06.731490,TESCO,310427,"RUM, WHITE, BOTTLE",Rum,white rum,1.0,CAPTAIN MORGAN WHITE RUM 70CL,£16.00,16.0,(£22.86/l),22.86,1.0,l,22.86,l,,
2015-11-19 05:00:06.732967,TESCO,310427,"RUM, WHITE, BOTTLE",Rum,white rum,0.0,BACARDI CARTA NEGRA 70CL,£16.00,16.0,(£22.86/l),22.86,1.0,l,22.86,l,SAVE £4.00 Was £20.00 Now £16.00 - all products for this offer,SAVE £4.00 Was £20.00 Now £16.00
2015-11-19 05:00:06.734445,TESCO,310427,"RUM, WHITE, BOTTLE",Rum,white rum,0.5,BACARDI CARTA ORO RUM 70CL,£16.00,16.0,(£22.86/l),22.86,1.0,l,22.86,l,SAVE £2.00 Was £18.00 Now £16.00 - all products for this offer,SAVE £2.00 Was £18.00 Now £16.00
2015-11-19 05:00:06.735953,TESCO,310427,"RUM, WHITE, BOTTLE",Rum,white rum,0.0,BACARDI CARTA FUEGO 70CL,£16.00,16.0,(£22.86/l),22.86,1.0,l,22.86,l,SAVE £4.00 Was £20.00 Now £16.00 - all products for this offer,SAVE £4.00 Was £20.00 Now £16.00
2015-11-19 05:00:06.737452,TESCO,310427,"RUM, WHITE, BOTTLE",Rum,white rum,0.5,RED LEG SPICED RUM 70CL,£19.00,19.0,(£27.15/l),27.15,1.0,l,27.15,l,,
2015-11-19 05:00:06.756624,TESCO,210302,Plain Biscuits (eg. Digestive),Everyday Biscuits,digestives,0.0,TESCO CUSTARD CREAM BISCUITS 400G,£0.40,0.4,(£0.10/100g),0.1,100,g,1.0,kg,,
2015-11-19 05:00:06.758090,TESCO,210302,Plain Biscuits (eg. Digestive),Everyday Biscuits,digestives,0.0,TESCO EVERYDAY VALUE BOURBON CREAMS 400G,£0.43,0.43,(£0.11/100g),0.11,100,g,1.1,kg,,
2015-11-19 05:00:06.760855,TESCO,210302,Plain Biscuits (eg. Digestive),Everyday Biscuits,digestives,0.0,TESCO MALTED MILK BISCUITS 200G,£0.40,0.4,(£0.20/100g),0.2,100,g,2.0,kg,,
2015-11-19 05:00:06.762296,TESCO,210302,Plain Biscuits (eg. Digestive),Everyday Biscuits,digestives,0.0,MCVITIE RICH TEA BISCUITS 300G,£1.09,1.09,(£0.36/100g),0.36,100,g,3.6,kg,All products available for this offer,Any 2 for £2.00
2015-11-19 05:00:06.763828,TESCO,210302,Plain Biscuits (eg. Digestive),Everyday Biscuits,digestives,0.0,JAMMIE DODGERS 140G,£0.59,0.59,(£0.42/100g),0.42,100,g,4.2,kg,All products available for this offer,Any 2 for £1.00
2015-11-19 05:00:06.765357,TESCO,210302,Plain Biscuits (eg. Digestive),Everyday Biscuits,digestives,0.0,TESCO EVERYDAY VALUE CUSTARD CREAM BISCUITS 400...,£0.35,0.35,(£0.09/100g),0.09,100,g,0.9,kg,,
2015-11-19 05:00:06.766793,TESCO,210302,Plain Biscuits (eg. Digestive),Everyday Biscuits,digestives,0.0,TESCO NICE 200G,£0.40,0.4,(£0.20/100g),0.2,100,g,2.0,kg,,
2015-11-19 05:00:06.768312,TESCO,210302,Plain Biscuits (eg. Digestive),Everyday Biscuits,digestives,0.0,TESCO SHORTCAKE BISCUITS 200G,£0.40,0.4,(£0.20/100g),0.2,100,g,2.0,kg,,
2015-11-19 05:00:06.769700,TESCO,210302,Plain Biscuits (eg. Digestive),Everyday Biscuits,digestives,0.0,TESCO BOURBON CREAMS BISCUITS 200G,£0.40,0.4,(£0.14/100g),0.14,100,g,1.4,kg,,
2015-11-19 05:00:06.771227,TESCO,210302,Plain Biscuits (eg. Digestive),Everyday Biscuits,digestives,0.0,TESCO EVERYDAY VALUE DIGESTIVE BISCUITS 400G,£0.31,0.31,(£0.08/100g),0.08,100,g,0.8,kg,,
2015-11-19 05:00:06.772733,TESCO,210302,Plain Biscuits (eg. Digestive),Everyday Biscuits,digestives,0.0,TESCO EVERYDAY VALUE GINGER NUTS 300G,£0.25,0.25,(£0.08/100g),0.08,100,g,0.8,kg,,
2015-11-19 05:00:06.774164,TESCO,210302,Plain Biscuits (eg. Digestive),Everyday Biscuits,digestives,0.0,FOXS PARTY RINGS 125G,£0.99,0.99,(£0.79/100g),0.79,100,g,7.9,kg,,
2015-11-19 05:00:06.776097,TESCO,210302,Plain Biscuits (eg. Digestive),Everyday Biscuits,digestives,0.0,TESCO GINGER NUTS 200G,£0.40,0.4,(£0.20/100g),0.2,100,g,2.0,kg,,
2015-11-19 05:00:06.777497,TESCO,210302,Plain Biscuits (eg. Digestive),Everyday Biscuits,digestives,0.0,MCVITIES DIGESTIVE 250G,£0.89,0.89,(£0.36/100g),0.36,100,g,3.6,kg,,
2015-11-19 05:00:06.778890,TESCO,210302,Plain Biscuits (eg. Digestive),Everyday Biscuits,digestives,1.0,MCVITIE'S DIGESTIVES 500G,£1.09,1.09,(£0.22/100g),0.22,100,g,2.2,kg,All products available for this offer,Any 2 for £2.00
2015-11-19 05:00:06.780439,TESCO,210302,Plain Biscuits (eg. Digestive),Everyday Biscuits,digestives,0.0,BARNY CHOCOLATE KIDS SPONGE BEAR 5 PACK 150G,£0.84,0.84,(£0.56/100g),0.56,100,g,5.6,kg,Half Price Was £1.69 Now 84p - all products for this offer,Half Price Was £1.69 Now 84p
2015-11-19 05:00:06.785452,TESCO,210302,Plain Biscuits (eg. Digestive),Everyday Biscuits,digestives,0.0,TESCO RICH TEA FINGER BISCUITS 250G,£0.40,0.4,(£0.16/100g),0.16,100,g,1.6,kg,,
2015-11-19 05:00:06.786889,TESCO,210302,Plain Biscuits (eg. Digestive),Everyday Biscuits,digestives,0.0,FOX'S JAM SANDWICH CREAMS 150G,£0.99,0.99,(£0.66/100g),0.66,100,g,6.6,kg,,
2015-11-19 05:00:06.788352,TESCO,210302,Plain Biscuits (eg. Digestive),Everyday Biscuits,digestives,0.0,OREO VANILLA 154G,£1.08,1.08,(£0.70/100g),0.7,100,g,7.0,kg,,
2015-11-19 05:00:06.789749,TESCO,210302,Plain Biscuits (eg. Digestive),Everyday Biscuits,digestives,0.0,MCVITIES HOBNOB 300G,£1.19,1.19,(£0.40/100g),0.4,100,g,4.0,kg,All products available for this offer,Any 2 for £2.00
2015-11-19 05:00:06.801651,TESCO,211814,"Yoghurt, small individual",High Protein Yoghurt,yogurt single,0.0,MULLER CORNER KIDS SEASONAL 4 PACK (4X135G),£2.40,2.4,(£4.45/kg),4.45,1.0,kg,4.45,kg,All products available for this offer,Any 2 for £3.00
2015-11-19 05:00:06.803144,TESCO,211814,"Yoghurt, small individual",High Protein Yoghurt,yogurt single,0.0,ARLA SKYR NATURAL 450G,£1.80,1.8,(£0.40/100g),0.4,100,g,4.0,kg,All products available for this offer,Any 2 for £3.00
2015-11-19 05:00:06.804704,TESCO,211814,"Yoghurt, small individual",High Protein Yoghurt,yogurt single,0.0,DANIO BLUEBERRY YOGHURT 150G,£0.85,0.85,(£0.57/100g),0.57,100,g,5.7,kg,All products available for this offer,Any 4 for £3.00
2015-11-19 05:00:06.806210,TESCO,211814,"Yoghurt, small individual",High Protein Yoghurt,yogurt single,0.0,ARLA PROTEIN STRAWBERRY 200G,£1.25,1.25,(£0.63/100g),0.63,100,g,6.3,kg,All products available for this offer,Any 4 for £3.00
2015-11-19 05:00:06.807732,TESCO,211814,"Yoghurt, small individual",High Protein Yoghurt,yogurt single,0.0,ARLA PROTEIN BLUEBERRY 200G,£1.25,1.25,(£0.63/100g),0.63,100,g,6.3,kg,All products available for this offer,Any 4 for £3.00
2015-11-19 05:00:06.809241,TESCO,211814,"Yoghurt, small individual",High Protein Yoghurt,yogurt single,0.0,ARLA SKYR YOGHURT MIXED WITH STRAWBERRY 450G,£1.90,1.9,(£0.42/100g),0.42,100,g,4.2,kg,All products available for this offer,Any 2 for £3.00
2015-11-19 05:00:06.810705,TESCO,211814,"Yoghurt, small individual",High Protein Yoghurt,yogurt single,0.0,ARLA PROTEIN RASPBERRY 200G,£1.25,1.25,(£0.63/100g),0.63,100,g,6.3,kg,All products available for this offer,Any 4 for £3.00
2015-11-19 05:00:06.812276,TESCO,211814,"Yoghurt, small individual",High Protein Yoghurt,yogurt single,0.0,DANIO 0% STRAWBERRY 150G,£0.85,0.85,(£0.57/100g),0.57,100,g,5.7,kg,All products available for this offer,Any 4 for £3.00
2015-11-19 05:00:06.813817,TESCO,211814,"Yoghurt, small individual",High Protein Yoghurt,yogurt single,0.0,ARLA SKYR STRAWBERRY 150G,£0.85,0.85,(£0.57/100g),0.57,100,g,5.7,kg,All products available for this offer,Any 4 for £3.00
2015-11-19 05:00:06.815285,TESCO,211814,"Yoghurt, small individual",High Protein Yoghurt,yogurt single,0.0,ARLA SKYR NORDIC SOUR CHERRY 150G,£0.85,0.85,(£0.57/100g),0.57,100,g,5.7,kg,All products available for this offer,Any 4 for £3.00
2015-11-19 05:00:06.816882,TESCO,211814,"Yoghurt, small individual",High Protein Yoghurt,yogurt single,0.0,DANIO 0% CHERRY YOGHURT 150G,£0.85,0.85,(£0.57/100g),0.57,100,g,5.7,kg,All products available for this offer,Any 4 for £3.00
2015-11-19 05:00:06.818401,TESCO,211814,"Yoghurt, small individual",High Protein Yoghurt,yogurt single,0.0,ARLA SKYR NORDIC MIXED BERRY 150G,£0.85,0.85,(£0.57/100g),0.57,100,g,5.7,kg,All products available for this offer,Any 4 for £3.00
2015-11-19 05:00:06.819886,TESCO,211814,"Yoghurt, small individual",High Protein Yoghurt,yogurt single,0.0,ARLA SKYR APPLE AND LINGONBERRY 150G,£0.85,0.85,(£0.57/100g),0.57,100,g,5.7,kg,All products available for this offer,Any 4 for £3.00
2015-11-19 05:00:06.821379,TESCO,211814,"Yoghurt, small individual",High Protein Yoghurt,yogurt single,0.0,ARLA SKYR YOGHURT MIXED WITH HONEY 450G,£1.90,1.9,(£0.42/100g),0.42,100,g,4.2,kg,All products available for this offer,Any 2 for £3.00
2015-11-19 05:00:06.822855,TESCO,211814,"Yoghurt, small individual",High Protein Yoghurt,yogurt single,0.0,DANIO 0% PASSION FRUIT YOGHURT 150G,£0.85,0.85,(£0.57/100g),0.57,100,g,5.7,kg,All products available for this offer,Any 4 for £3.00
2015-11-19 05:00:06.824503,TESCO,211814,"Yoghurt, small individual",High Protein Yoghurt,yogurt single,0.0,ARLA SKYR BLUEBERRY AND ELDERBERRY 150G,£0.85,0.85,(£0.57/100g),0.57,100,g,5.7,kg,All products available for this offer,Any 4 for £3.00
2015-11-19 05:00:06.827095,TESCO,211814,"Yoghurt, small individual",High Protein Yoghurt,yogurt single,0.0,MULLER CORNER BLISS STRAWBERRY 110G,£0.69,0.69,(£0.63/100g),0.63,100,g,6.3,kg,All products available for this offer,Any 6 for £3.00
2015-11-19 05:00:06.872395,TESCO,211814,"Yoghurt, small individual",Breakfast Yoghurt,yogurt single,0.0,ARLA SKYR NATURAL 450G,£1.80,1.8,(£0.40/100g),0.4,100,g,4.0,kg,All products available for this offer,Any 2 for £3.00
2015-11-19 05:00:06.873892,TESCO,211814,"Yoghurt, small individual",Breakfast Yoghurt,yogurt single,0.0,DANIO BLUEBERRY YOGHURT 150G,£0.85,0.85,(£0.57/100g),0.57,100,g,5.7,kg,All products available for this offer,Any 4 for £3.00
2015-11-19 05:00:06.875914,TESCO,211814,"Yoghurt, small individual",Breakfast Yoghurt,yogurt single,0.0,ACTIVIA BREAKFAST TOPPER VANILLA 160G,£1.00,1.0,(£0.63/100g),0.63,100,g,6.3,kg,All products available for this offer,Any 4 for £3.00
2015-11-19 05:00:06.877453,TESCO,211814,"Yoghurt, small individual",Breakfast Yoghurt,yogurt single,0.0,ARLA SKYR YOGHURT MIXED WITH STRAWBERRY 450G,£1.90,1.9,(£0.42/100g),0.42,100,g,4.2,kg,All products available for this offer,Any 2 for £3.00
2015-11-19 05:00:06.878943,TESCO,211814,"Yoghurt, small individual",Breakfast Yoghurt,yogurt single,0.0,DANIO 0% STRAWBERRY 150G,£0.85,0.85,(£0.57/100g),0.57,100,g,5.7,kg,All products available for this offer,Any 4 for £3.00
2015-11-19 05:00:06.880470,TESCO,211814,"Yoghurt, small individual",Breakfast Yoghurt,yogurt single,0.0,DANIO 0% CHERRY YOGHURT 150G,£0.85,0.85,(£0.57/100g),0.57,100,g,5.7,kg,All products available for this offer,Any 4 for £3.00
2015-11-19 05:00:06.881947,TESCO,211814,"Yoghurt, small individual",Breakfast Yoghurt,yogurt single,0.0,ARLA SKYR YOGHURT MIXED WITH HONEY 450G,£1.90,1.9,(£0.42/100g),0.42,100,g,4.2,kg,All products available for this offer,Any 2 for £3.00
2015-11-19 05:00:06.883471,TESCO,211814,"Yoghurt, small individual",Breakfast Yoghurt,yogurt single,0.0,DANIO 0% PASSION FRUIT YOGHURT 150G,£0.85,0.85,(£0.57/100g),0.57,100,g,5.7,kg,All products available for this offer,Any 4 for £3.00
2015-11-19 05:00:06.885007,TESCO,211814,"Yoghurt, small individual",Breakfast Yoghurt,yogurt single,0.0,NOMADIC STRAWBERRY OAT CLUSTERS AND LOW FAT YOG...,£1.20,1.2,(£0.71/100g),0.71,100,g,7.1,kg,,
2015-11-19 05:00:06.886404,TESCO,211814,"Yoghurt, small individual",Breakfast Yoghurt,yogurt single,0.0,DUPLES RASPBERRY YOGHURT SEEDS NIBS & COCONUT 1...,£1.00,1.0,(£0.68/100g),0.68,100,g,6.8,kg,SAVE 19p Was £1.19 Now £1.00 - all products for this offer,SAVE 19p Was £1.19 Now £1.00
2015-11-19 05:00:06.887949,TESCO,211814,"Yoghurt, small individual",Breakfast Yoghurt,yogurt single,0.0,YEO VALLEY 0% BLUEBERRY GRANOLA YOGHURT 135G,£1.00,1.0,(£0.74/100g),0.74,100,g,7.4,kg,,
2015-11-19 05:00:06.889394,TESCO,211814,"Yoghurt, small individual",Breakfast Yoghurt,yogurt single,0.0,THE COLLECTIVE DUPLES PASSION FRUIT AND GRANOLA...,£1.00,1.0,(£0.68/100g),0.68,100,g,6.8,kg,SAVE 19p Was £1.19 Now £1.00 - all products for this offer,SAVE 19p Was £1.19 Now £1.00
2015-11-19 05:00:06.890892,TESCO,211814,"Yoghurt, small individual",Breakfast Yoghurt,yogurt single,0.0,LIBERTE BLEND APRICOT MUSELI YOGHURT 140G,£1.00,1.0,(£0.71/100g),0.71,100,g,7.1,kg,All products available for this offer,Any 4 for £3.00
2015-11-19 05:00:06.892402,TESCO,211814,"Yoghurt, small individual",Breakfast Yoghurt,yogurt single,0.0,LIBERTE BLEND MUSELI SUMMER FRUITS YOGHURT 140G,£1.00,1.0,(£0.71/100g),0.71,100,g,7.1,kg,All products available for this offer,Any 4 for £3.00
2015-11-19 05:00:06.893878,TESCO,211814,"Yoghurt, small individual",Breakfast Yoghurt,yogurt single,0.0,NOMADIC OATS CHOCOLATE AND NATURAL YOGHURT 169G,£1.20,1.2,(£0.71/100g),0.71,100,g,7.1,kg,,
2015-11-19 05:00:06.895277,TESCO,211814,"Yoghurt, small individual",Breakfast Yoghurt,yogurt single,0.0,LIBERTE BLEND BERRY AND SEEDS YOGHURT 140G,£1.00,1.0,(£0.71/100g),0.71,100,g,7.1,kg,All products available for this offer,Any 4 for £3.00
2015-11-19 05:00:06.896799,TESCO,211814,"Yoghurt, small individual",Breakfast Yoghurt,yogurt single,0.0,LIBERTE BLEND FRUITS AND SEEDS YOGHURT 140G,£1.00,1.0,(£0.71/100g),0.71,100,g,7.1,kg,All products available for this offer,Any 4 for £3.00
2015-11-19 05:00:06.898315,TESCO,211814,"Yoghurt, small individual",Breakfast Yoghurt,yogurt single,0.0,THE COLLECTIVE DUPLE CHERRY AND DARK CHOCOLATE ...,£1.00,1.0,(£0.70/100g),0.7,100,g,7.0,kg,SAVE 19p Was £1.19 Now £1.00 - all products for this offer,SAVE 19p Was £1.19 Now £1.00
2015-11-19 05:00:06.900323,TESCO,211814,"Yoghurt, small individual",Breakfast Yoghurt,yogurt single,0.0,NOMADIC LEBANESE STYLE YOGHURT 35OG,£1.80,1.8,(£0.51/100g),0.51,100,g,5.1,kg,,
2015-11-19 05:00:06.964691,TESCO,211807,Yoghurt/Fromage Frais ,Organic Yoghurt,fromage frais,0.0,YEO VALLEY NATURAL YOGHURT 150G,£0.50,0.5,(£0.33/100g),0.33,100,g,3.3,kg,,
2015-11-19 05:00:06.966126,TESCO,211807,Yoghurt/Fromage Frais ,Organic Yoghurt,fromage frais,0.0,YEO VALLEY NATURAL YOGHURT 500G,£1.50,1.5,(£0.30/100g),0.3,100,g,3.0,kg,,
2015-11-19 05:00:06.968206,TESCO,211807,Yoghurt/Fromage Frais ,Organic Yoghurt,fromage frais,0.0,YEO VALLEY GREEK STYLE HONEY YOGHURT 4X100G,£1.75,1.75,(£0.44/100g),0.44,100,g,4.4,kg,All products available for this offer,Any 2 for £3.00
2015-11-19 05:00:06.969698,TESCO,211807,Yoghurt/Fromage Frais ,Organic Yoghurt,fromage frais,0.0,YEO VALLEY ORGANIC LITTLE YEOS YOGHURT 4X90G,£1.75,1.75,(£0.49/100g),0.49,100,g,4.9,kg,All products available for this offer,Any 2 for £2.50
2015-11-19 05:00:06.971163,TESCO,211807,Yoghurt/Fromage Frais ,Organic Yoghurt,fromage frais,0.0,YEO VALLEY FRUIT FAVOURTIES YOGHURT 4X120G,£1.75,1.75,(£0.37/100g),0.37,100,g,3.7,kg,All products available for this offer,Any 2 for £3.00
2015-11-19 05:00:06.972752,TESCO,211807,Yoghurt/Fromage Frais ,Organic Yoghurt,fromage frais,0.0,YEO VALLEY NATURAL YOGHURT 1KG,£2.50,2.5,(£0.25/100g),0.25,100,g,2.5,kg,,
2015-11-19 05:00:06.974150,TESCO,211807,Yoghurt/Fromage Frais ,Organic Yoghurt,fromage frais,0.0,YEO VALLEY 0% FAT NATURAL YOGHURT 150G,£0.50,0.5,(£0.33/100g),0.33,100,g,3.3,kg,,
2015-11-19 05:00:06.976026,TESCO,211807,Yoghurt/Fromage Frais ,Organic Yoghurt,fromage frais,0.0,YEO VALLEY STRAWBERRY YOGHURT 4X120G,£1.75,1.75,(£0.37/100g),0.37,100,g,3.7,kg,All products available for this offer,Any 2 for £3.00
2015-11-19 05:00:06.977519,TESCO,211807,Yoghurt/Fromage Frais ,Organic Yoghurt,fromage frais,0.0,YEO VALLEY STRAWBERRY YOGHURT 450G,£1.50,1.5,(£0.33/100g),0.33,100,g,3.3,kg,All products available for this offer,Any 2 for £2.00
2015-11-19 05:00:06.979049,TESCO,211807,Yoghurt/Fromage Frais ,Organic Yoghurt,fromage frais,0.0,YEO VALLEY NATURAL YOGHURT 4X120G,£1.50,1.5,(£0.31/100g),0.31,100,g,3.1,kg,,
2015-11-19 05:00:06.980495,TESCO,211807,Yoghurt/Fromage Frais ,Organic Yoghurt,fromage frais,0.0,YEO VALLEY BLUEBERRY YOGHURT 450G,£1.50,1.5,(£0.33/100g),0.33,100,g,3.3,kg,All products available for this offer,Any 2 for £2.00
2015-11-19 05:00:06.981969,TESCO,211807,Yoghurt/Fromage Frais ,Organic Yoghurt,fromage frais,1.0,LITTLE YEOS FROMAGE FRAIS STRAWBERRY RASPBERRY ...,£1.75,1.75,(£0.65/100g),0.65,100,g,6.5,kg,All products available for this offer,Any 2 for £2.50
2015-11-19 05:00:06.983466,TESCO,211807,Yoghurt/Fromage Frais ,Organic Yoghurt,fromage frais,1.0,LITTLE YEOS FROMAGE FRAIS RASPBERRY APRICOT 6 P...,£1.75,1.75,(£0.65/100g),0.65,100,g,6.5,kg,All products available for this offer,Any 2 for £2.50
2015-11-19 05:00:06.985006,TESCO,211807,Yoghurt/Fromage Frais ,Organic Yoghurt,fromage frais,0.0,YEO VALLEY WHOLE MILK LEMON CURD 4X120G,£1.75,1.75,(£0.37/100g),0.37,100,g,3.7,kg,All products available for this offer,Any 2 for £3.00
2015-11-19 05:00:06.986471,TESCO,211807,Yoghurt/Fromage Frais ,Organic Yoghurt,fromage frais,0.0,YEO VALLEY RASPBERRY YOGHURT 450G,£1.50,1.5,(£0.33/100g),0.33,100,g,3.3,kg,All products available for this offer,Any 2 for £2.00
2015-11-19 05:00:06.987957,TESCO,211807,Yoghurt/Fromage Frais ,Organic Yoghurt,fromage frais,0.0,YEO VALLEY 0% FAT NATURAL YOGHURT 500G,£1.50,1.5,(£0.30/100g),0.3,100,g,3.0,kg,,
2015-11-19 05:00:06.989403,TESCO,211807,Yoghurt/Fromage Frais ,Organic Yoghurt,fromage frais,0.0,YEO VALLEY ORGANIC WHOLE MILK LEMON CURD YOGHUR...,£1.50,1.5,(£0.33/100g),0.33,100,g,3.3,kg,All products available for this offer,Any 2 for £2.00
2015-11-19 05:00:06.990887,TESCO,211807,Yoghurt/Fromage Frais ,Organic Yoghurt,fromage frais,0.0,YEO VALLEY RHUBARB YOGHURT 450G,£1.50,1.5,(£0.33/100g),0.33,100,g,3.3,kg,All products available for this offer,Any 2 for £2.00
2015-11-19 05:00:06.992404,TESCO,211807,Yoghurt/Fromage Frais ,Organic Yoghurt,fromage frais,0.0,YEO VALLEY MANGO AND VANILLA YOGHURT 450G,£1.50,1.5,(£0.33/100g),0.33,100,g,3.3,kg,All products available for this offer,Any 2 for £2.00
2015-11-19 05:00:06.993863,TESCO,211807,Yoghurt/Fromage Frais ,Organic Yoghurt,fromage frais,0.0,YEO VALLEY 0% FAT VANILLA YOGHURT 450G,£1.50,1.5,(£0.33/100g),0.33,100,g,3.3,kg,All products available for this offer,Any 2 for £2.00
2015-11-19 05:00:07.041594,TESCO,211807,Yoghurt/Fromage Frais ,Flavoured Big Pot Yoghurt,fromage frais,0.0,FRUBES VARIETY PACK 9 X 40G,£2.00,2.0,(£0.56/100g),0.56,100,g,5.6,kg,All products available for this offer,Any 2 for £3.00
2015-11-19 05:00:07.043106,TESCO,211807,Yoghurt/Fromage Frais ,Flavoured Big Pot Yoghurt,fromage frais,0.0,ONKEN FAT FREE VANILLA YOGHURT 450G,£1.30,1.3,(£0.29/100g),0.29,100,g,2.9,kg,All products available for this offer,Any 2 for £2.00
2015-11-19 05:00:07.045244,TESCO,211807,Yoghurt/Fromage Frais ,Flavoured Big Pot Yoghurt,fromage frais,0.0,YEO VALLEY NATURAL YOGHURT 500G,£1.50,1.5,(£0.30/100g),0.3,100,g,3.0,kg,,
2015-11-19 05:00:07.046670,TESCO,211807,Yoghurt/Fromage Frais ,Flavoured Big Pot Yoghurt,fromage frais,0.0,ONKEN FAT FREE STRAWBERRY YOGHURT 450G,£1.30,1.3,(£0.29/100g),0.29,100,g,2.9,kg,All products available for this offer,Any 2 for £2.00
2015-11-19 05:00:07.048210,TESCO,211807,Yoghurt/Fromage Frais ,Flavoured Big Pot Yoghurt,fromage frais,0.0,CADBURY FLAKE TWINPOT 90G,£0.75,0.75,(£0.83/100g),0.83,100,g,8.3,kg,All products available for this offer,Any 6 for £4.00
2015-11-19 05:00:07.050081,TESCO,211807,Yoghurt/Fromage Frais ,Flavoured Big Pot Yoghurt,fromage frais,0.0,ONKEN MANGO AND PASSION FRUIT YOGHURT 450G,£1.30,1.3,(£0.29/100g),0.29,100,g,2.9,kg,All products available for this offer,Any 2 for £2.00
2015-11-19 05:00:07.051619,TESCO,211807,Yoghurt/Fromage Frais ,Flavoured Big Pot Yoghurt,fromage frais,0.0,TOTAL 0% FAT GREEK YOGHURT 170G,£1.00,1.0,(£0.59/100g),0.59,100,g,5.9,kg,,
2015-11-19 05:00:07.053047,TESCO,211807,Yoghurt/Fromage Frais ,Flavoured Big Pot Yoghurt,fromage frais,0.0,YEO VALLEY NATURAL YOGHURT 1KG,£2.50,2.5,(£0.25/100g),0.25,100,g,2.5,kg,,
2015-11-19 05:00:07.054445,TESCO,211807,Yoghurt/Fromage Frais ,Flavoured Big Pot Yoghurt,fromage frais,0.0,ONKEN CHERRY YOGHURT 450G,£1.30,1.3,(£0.29/100g),0.29,100,g,2.9,kg,All products available for this offer,Any 2 for £2.00
2015-11-19 05:00:07.055980,TESCO,211807,Yoghurt/Fromage Frais ,Flavoured Big Pot Yoghurt,fromage frais,0.0,YEO VALLEY STRAWBERRY YOGHURT 450G,£1.50,1.5,(£0.33/100g),0.33,100,g,3.3,kg,All products available for this offer,Any 2 for £2.00
2015-11-19 05:00:07.057497,TESCO,211807,Yoghurt/Fromage Frais ,Flavoured Big Pot Yoghurt,fromage frais,0.0,TESCO GREEK STYLE HONEY YOGHURT 450G,£1.10,1.1,(£0.24/100g),0.24,100,g,2.4,kg,,
2015-11-19 05:00:07.058904,TESCO,211807,Yoghurt/Fromage Frais ,Flavoured Big Pot Yoghurt,fromage frais,0.0,ONKEN FAT FREE MANGO AND APPLE YOGHURT 450G,£1.30,1.3,(£0.29/100g),0.29,100,g,2.9,kg,All products available for this offer,Any 2 for £2.00
2015-11-19 05:00:07.060417,TESCO,211807,Yoghurt/Fromage Frais ,Flavoured Big Pot Yoghurt,fromage frais,0.0,YEO VALLEY BLUEBERRY YOGHURT 450G,£1.50,1.5,(£0.33/100g),0.33,100,g,3.3,kg,All products available for this offer,Any 2 for £2.00
2015-11-19 05:00:07.061889,TESCO,211807,Yoghurt/Fromage Frais ,Flavoured Big Pot Yoghurt,fromage frais,0.0,ONKEN RASPBERRY YOGHURT 450G,£1.30,1.3,(£0.29/100g),0.29,100,g,2.9,kg,All products available for this offer,Any 2 for £2.00
2015-11-19 05:00:07.063360,TESCO,211807,Yoghurt/Fromage Frais ,Flavoured Big Pot Yoghurt,fromage frais,0.0,YEO VALLEY RASPBERRY YOGHURT 450G,£1.50,1.5,(£0.33/100g),0.33,100,g,3.3,kg,All products available for this offer,Any 2 for £2.00
2015-11-19 05:00:07.064882,TESCO,211807,Yoghurt/Fromage Frais ,Flavoured Big Pot Yoghurt,fromage frais,0.0,YEO VALLEY 0% FAT NATURAL YOGHURT 500G,£1.50,1.5,(£0.30/100g),0.3,100,g,3.0,kg,,
2015-11-19 05:00:07.066686,TESCO,211807,Yoghurt/Fromage Frais ,Flavoured Big Pot Yoghurt,fromage frais,0.0,YEO VALLEY ORGANIC WHOLE MILK LEMON CURD YOGHUR...,£1.50,1.5,(£0.33/100g),0.33,100,g,3.3,kg,All products available for this offer,Any 2 for £2.00
2015-11-19 05:00:07.068277,TESCO,211807,Yoghurt/Fromage Frais ,Flavoured Big Pot Yoghurt,fromage frais,0.0,ONKEN WHOLEGRAIN STRAWBERRY YOGHURT 450G,£1.30,1.3,(£0.29/100g),0.29,100,g,2.9,kg,All products available for this offer,Any 2 for £2.00
2015-11-19 05:00:07.069782,TESCO,211807,Yoghurt/Fromage Frais ,Flavoured Big Pot Yoghurt,fromage frais,0.0,ONKEN FAT FREE BLUEBERRY AND ELDERBERRY YOGHURT...,£1.30,1.3,(£0.29/100g),0.29,100,g,2.9,kg,All products available for this offer,Any 2 for £2.00
2015-11-19 05:00:07.071269,TESCO,211807,Yoghurt/Fromage Frais ,Flavoured Big Pot Yoghurt,fromage frais,0.0,YEO VALLEY RHUBARB YOGHURT 450G,£1.50,1.5,(£0.33/100g),0.33,100,g,3.3,kg,All products available for this offer,Any 2 for £2.00
2015-11-19 05:00:07.099246,TESCO,211814,"Yoghurt, small individual",Indulgent Yoghurts & Dairy Desserts,yogurt single,0.0,TESCO MILK CHOCOLATE MOUSSE 6X60G,£0.90,0.9,(£0.25/100g),0.25,100,g,2.5,kg,,
2015-11-19 05:00:07.101008,TESCO,211814,"Yoghurt, small individual",Indulgent Yoghurts & Dairy Desserts,yogurt single,0.0,AERO CHOCOLATE MOUSSE 4X57,£1.40,1.4,(£0.61/100g),0.61,100,g,6.1,kg,,
2015-11-19 05:00:07.103089,TESCO,211814,"Yoghurt, small individual",Indulgent Yoghurts & Dairy Desserts,yogurt single,0.0,NESTLE MILKYBAR DESSERT 2 X 70G,£0.65,0.65,(£0.46/100g),0.46,100,g,4.6,kg,Half Price Was £1.30 Now 65p - all products for this offer,Half Price Was £1.30 Now 65p
2015-11-19 05:00:07.104712,TESCO,211814,"Yoghurt, small individual",Indulgent Yoghurts & Dairy Desserts,yogurt single,0.0,TESCO EVERYDAY VALUE CHOCOLATE MOUSSE 4X60G,£0.20,0.2,(£0.08/100g),0.08,100,g,0.8,kg,,
2015-11-19 05:00:07.106160,TESCO,211814,"Yoghurt, small individual",Indulgent Yoghurts & Dairy Desserts,yogurt single,0.0,NESTLE ROLO DESSERT 2X70G,£0.65,0.65,(£0.46/100g),0.46,100,g,4.6,kg,Half Price Was £1.30 Now 65p - all products for this offer,Half Price Was £1.30 Now 65p
2015-11-19 05:00:07.107678,TESCO,211814,"Yoghurt, small individual",Indulgent Yoghurts & Dairy Desserts,yogurt single,0.0,PETITS FILOUS LITTLE DESSERTS 6X55G,£1.00,1.0,(£0.30/100g),0.3,100,g,3.0,kg,SAVE 50p Was £1.50 Now £1.00 - all products for this offer,SAVE 50p Was £1.50 Now £1.00
2015-11-19 05:00:07.109224,TESCO,211814,"Yoghurt, small individual",Indulgent Yoghurts & Dairy Desserts,yogurt single,0.0,CADBURY FLAKE TWINPOT 90G,£0.75,0.75,(£0.83/100g),0.83,100,g,8.3,kg,All products available for this offer,Any 6 for £4.00
2015-11-19 05:00:07.110775,TESCO,211814,"Yoghurt, small individual",Indulgent Yoghurts & Dairy Desserts,yogurt single,0.0,ACTIVIA INTENSELY CREAMY STRAWBERRY 4X110G,£2.40,2.4,(£0.55/100g),0.55,100,g,5.5,kg,All products available for this offer,Any 2 for £4.00
2015-11-19 05:00:07.112338,TESCO,211814,"Yoghurt, small individual",Indulgent Yoghurts & Dairy Desserts,yogurt single,0.0,WEIGHT WATCHERS DESSERT STYLE YOGHURT 4X120G,£1.00,1.0,(£0.21/100g),0.21,100,g,2.1,kg,,
2015-11-19 05:00:07.114472,TESCO,211814,"Yoghurt, small individual",Indulgent Yoghurts & Dairy Desserts,yogurt single,0.0,CADBURY MILK BUTTONS TWINPOT 90G,£0.75,0.75,(£0.83/100g),0.83,100,g,8.3,kg,All products available for this offer,Any 6 for £4.00
2015-11-19 05:00:07.116033,TESCO,211814,"Yoghurt, small individual",Indulgent Yoghurts & Dairy Desserts,yogurt single,0.0,MULLER RICE STRAWBERRY 180G,£0.68,0.68,(£0.38/100g),0.38,100,g,3.8,kg,All products available for this offer,Any 6 for £3.00
2015-11-19 05:00:07.117616,TESCO,211814,"Yoghurt, small individual",Indulgent Yoghurts & Dairy Desserts,yogurt single,0.0,ACTIVIA INTENSELY CREAMY RASPBERRY 4X110G,£2.40,2.4,(£0.55/100g),0.55,100,g,5.5,kg,All products available for this offer,Any 2 for £4.00
2015-11-19 05:00:07.119149,TESCO,211814,"Yoghurt, small individual",Indulgent Yoghurts & Dairy Desserts,yogurt single,0.0,CADBURY POTS OF JOY 4 PACK CARAMEL 4 X 70G,£2.58,2.58,(£0.92/100g),0.92,100,g,9.2,kg,All products available for this offer,Any 2 for £3.00
2015-11-19 05:00:07.120713,TESCO,211814,"Yoghurt, small individual",Indulgent Yoghurts & Dairy Desserts,yogurt single,0.0,CADBURY LAYERS OF JOY 2 PACK CHOCOLATE 2X90G,£1.20,1.2,(£0.67/100g),0.67,100,g,6.7,kg,All products available for this offer,Any 2 for £2.00
2015-11-19 05:00:07.122233,TESCO,211814,"Yoghurt, small individual",Indulgent Yoghurts & Dairy Desserts,yogurt single,0.0,MULLER RICE ORIGINAL 180G,£0.68,0.68,(£0.38/100g),0.38,100,g,3.8,kg,All products available for this offer,Any 6 for £3.00
2015-11-19 05:00:07.123776,TESCO,211814,"Yoghurt, small individual",Indulgent Yoghurts & Dairy Desserts,yogurt single,0.0,CADBURY POTS OF JOY 4 PACK DAIRY MILK CHUNK 4 X...,£2.58,2.58,(£0.92/100g),0.92,100,g,9.2,kg,All products available for this offer,Any 2 for £3.00
2015-11-19 05:00:07.129315,TESCO,211814,"Yoghurt, small individual",Indulgent Yoghurts & Dairy Desserts,yogurt single,0.0,ACTIVIA INTENSELY CREAMY PEACH YOGHURT 4X110G,£2.40,2.4,(£0.50/100g),0.5,100,g,5.0,kg,All products available for this offer,Any 2 for £4.00
2015-11-19 05:00:07.130886,TESCO,211814,"Yoghurt, small individual",Indulgent Yoghurts & Dairy Desserts,yogurt single,0.0,TESCO STRAWBERRY MOUSSE 6X60 G,£0.90,0.9,(£0.25/100g),0.25,100,g,2.5,kg,,
2015-11-19 05:00:07.132433,TESCO,211814,"Yoghurt, small individual",Indulgent Yoghurts & Dairy Desserts,yogurt single,0.0,MULLER RICE VANILLA CUSTARD 180G,£0.68,0.68,(£0.38/100g),0.38,100,g,3.8,kg,All products available for this offer,Any 6 for £3.00
2015-11-19 05:00:07.133930,TESCO,211814,"Yoghurt, small individual",Indulgent Yoghurts & Dairy Desserts,yogurt single,0.0,MULLER RICE APPLE 180G,£0.68,0.68,(£0.38/100g),0.38,100,g,3.8,kg,All products available for this offer,Any 6 for £3.00
2015-11-19 05:00:07.146647,TESCO,211814,"Yoghurt, small individual",Kids Yoghurt,yogurt single,0.0,FRUBES VARIETY PACK 9 X 40G,£2.00,2.0,(£0.56/100g),0.56,100,g,5.6,kg,All products available for this offer,Any 2 for £3.00
2015-11-19 05:00:07.148177,TESCO,211814,"Yoghurt, small individual",Kids Yoghurt,yogurt single,0.0,WILDLIFE CHOOBS MIXED FRUIT 6X40G,£1.00,1.0,(£0.42/100g),0.42,100,g,4.2,kg,,
2015-11-19 05:00:07.150626,TESCO,211814,"Yoghurt, small individual",Kids Yoghurt,yogurt single,0.0,PETITS FILOUS STRAWBERRY & RASPBERRY FROMAGE FR...,£1.00,1.0,(£0.29/100g),0.29,100,g,2.9,kg,SAVE 50p Was £1.50 Now £1.00 - all products for this offer,SAVE 50p Was £1.50 Now £1.00
2015-11-19 05:00:07.152185,TESCO,211814,"Yoghurt, small individual",Kids Yoghurt,yogurt single,0.0,FRUBES STRAWBERRY 9 X 40G,£2.00,2.0,(£0.56/100g),0.56,100,g,5.6,kg,All products available for this offer,Any 2 for £3.00
2015-11-19 05:00:07.153654,TESCO,211814,"Yoghurt, small individual",Kids Yoghurt,yogurt single,0.0,PETITS FILOUS STRAWBERRY &R/BERRY FROMAGE FRAIS...,£1.00,1.0,(£0.36/100g),0.36,100,g,3.6,kg,SAVE 50p Was £1.50 Now £1.00 - all products for this offer,SAVE 50p Was £1.50 Now £1.00
2015-11-19 05:00:07.155133,TESCO,211814,"Yoghurt, small individual",Kids Yoghurt,yogurt single,0.0,MUNCH BUNCH DOUBLE UP STRAWBERRY AND VANILLA YO...,£1.70,1.7,(£0.50/100g),0.5,100,g,5.0,kg,All products available for this offer,Any 2 for £2.00
2015-11-19 05:00:07.156645,TESCO,211814,"Yoghurt, small individual",Kids Yoghurt,yogurt single,0.0,PETITS FILOUS STRAWBERRY AND APRICOT FROMAGE FR...,£1.00,1.0,(£0.36/100g),0.36,100,g,3.6,kg,SAVE 50p Was £1.50 Now £1.00 - all products for this offer,SAVE 50p Was £1.50 Now £1.00
2015-11-19 05:00:07.158114,TESCO,211814,"Yoghurt, small individual",Kids Yoghurt,yogurt single,0.0,PETITS FILOUS APRICOT AND STRAWBERRY FROMAGE FR...,£1.00,1.0,(£0.29/100g),0.29,100,g,2.9,kg,SAVE 50p Was £1.50 Now £1.00 - all products for this offer,SAVE 50p Was £1.50 Now £1.00
2015-11-19 05:00:07.159590,TESCO,211814,"Yoghurt, small individual",Kids Yoghurt,yogurt single,0.0,TESCO EDV FROMAGE FRAIS STRAWBERRY AND APRICOT ...,£0.42,0.42,(£0.13/100g),0.13,100,g,1.3,kg,,
2015-11-19 05:00:07.161040,TESCO,211814,"Yoghurt, small individual",Kids Yoghurt,yogurt single,0.0,WILDLIFE CHOOBS STRAWBERRY 6X40G,£1.00,1.0,(£0.42/100g),0.42,100,g,4.2,kg,,
2015-11-19 05:00:07.162448,TESCO,211814,"Yoghurt, small individual",Kids Yoghurt,yogurt single,0.0,PEPPA PIG STRAWBERRY FROMAGE FRAIS 6X45G,£1.00,1.0,(£0.37/100g),0.37,100,g,3.7,kg,,
2015-11-19 05:00:07.163873,TESCO,211814,"Yoghurt, small individual",Kids Yoghurt,yogurt single,0.0,TESCO GOODNESS POUCHES STRAWBERRY AND RASPBERRY...,£1.00,1.0,(£0.31/100g),0.31,100,g,3.1,kg,,
2015-11-19 05:00:07.165303,TESCO,211814,"Yoghurt, small individual",Kids Yoghurt,yogurt single,0.0,FRUBES LIMITED EDITION 9 X 40G,£2.00,2.0,(£0.56/100g),0.56,100,g,5.6,kg,All products available for this offer,Any 2 for £3.00
2015-11-19 05:00:07.166762,TESCO,211814,"Yoghurt, small individual",Kids Yoghurt,yogurt single,0.0,YEO VALLEY ORGANIC LITTLE YEOS YOGHURT 4X90G,£1.75,1.75,(£0.49/100g),0.49,100,g,4.9,kg,All products available for this offer,Any 2 for £2.50
2015-11-19 05:00:07.168275,TESCO,211814,"Yoghurt, small individual",Kids Yoghurt,yogurt single,0.0,MUNCH BUNCH DOUBLE UP STRAWBERRY AND BANANA YOG...,£1.70,1.7,(£0.50/100g),0.5,100,g,5.0,kg,All products available for this offer,Any 2 for £2.00
2015-11-19 05:00:07.169746,TESCO,211814,"Yoghurt, small individual",Kids Yoghurt,yogurt single,0.0,PETITS FILOUS FROMAGE FRAIS 18X47G,£3.00,3.0,(£0.36/100g),0.36,100,g,3.6,kg,,
2015-11-19 05:00:07.171208,TESCO,211814,"Yoghurt, small individual",Kids Yoghurt,yogurt single,0.0,MUNCH BUNCH FRUIT FROMAGE FRAIS 6X42G,£1.60,1.6,(£0.64/100g),0.64,100,g,6.4,kg,All products available for this offer,Any 2 for £2.00
2015-11-19 05:00:07.172738,TESCO,211814,"Yoghurt, small individual",Kids Yoghurt,yogurt single,0.0,PETIS FILOUS MAGIC SQUARES RASPBERRY / VANILLA ...,£1.00,1.0,(£0.31/100g),0.31,100,g,3.1,kg,SAVE 80p Was £1.80 Now £1.00 - all products for this offer,SAVE 80p Was £1.80 Now £1.00
2015-11-19 05:00:07.174252,TESCO,211814,"Yoghurt, small individual",Kids Yoghurt,yogurt single,0.0,MUNCH BUNCH SQUASHUMS STRAWBERRY 6X60G,£2.00,2.0,(£0.56/100g),0.56,100,g,5.6,kg,All products available for this offer,Any 2 for £3.00
2015-11-19 05:00:07.176177,TESCO,211814,"Yoghurt, small individual",Kids Yoghurt,yogurt single,0.0,PETITS FILOUS GREEK STYLE YOGHURT 6 X 55G,£1.00,1.0,(£0.30/100g),0.3,100,g,3.0,kg,SAVE 50p Was £1.50 Now £1.00 - all products for this offer,SAVE 50p Was £1.50 Now £1.00
2015-11-19 05:00:07.241647,TESCO,211814,"Yoghurt, small individual",Corner Yoghurt,yogurt single,0.0,MULLER CORNER CRUNCH BISCUIT YOGHURT 6X135,£3.89,3.89,(£0.48/100g),0.48,100,g,4.8,kg,All products available for this offer,Any 2 for £5.00
2015-11-19 05:00:07.243220,TESCO,211814,"Yoghurt, small individual",Corner Yoghurt,yogurt single,0.0,MULLER CORNER CRUNCH YOGHURT 6X135G,£3.89,3.89,(£0.48/100g),0.48,100,g,4.8,kg,All products available for this offer,Any 2 for £5.00
2015-11-19 05:00:07.244797,TESCO,211814,"Yoghurt, small individual",Corner Yoghurt,yogurt single,0.0,MULLER CORNER FRUIT YOGHURT 6X150G,£3.89,3.89,(£0.43/100g),0.43,100,g,4.3,kg,All products available for this offer,Any 2 for £5.00
2015-11-19 05:00:07.246287,TESCO,211814,"Yoghurt, small individual",Corner Yoghurt,yogurt single,0.0,MULLER CORNER CRUNCH VANILLA CHOCOLATE BALLS YO...,£0.68,0.68,(£0.50/100g),0.5,100,g,5.0,kg,All products available for this offer,Any 6 for £3.00
2015-11-19 05:00:07.247817,TESCO,211814,"Yoghurt, small individual",Corner Yoghurt,yogurt single,0.0,MULLER CORNER BLISS LEMON 4X110G,£1.34,1.34,(£0.31/100g),0.31,100,g,3.1,kg,Half Price Was £2.69 Now £1.34 - all products for this offer,Half Price Was £2.69 Now £1.34
2015-11-19 05:00:07.249454,TESCO,211814,"Yoghurt, small individual",Corner Yoghurt,yogurt single,0.0,MULLER CORNER FRUIT STRAWBERRY YOGHURT 150G,£0.68,0.68,(£0.45/100g),0.45,100,g,4.5,kg,All products available for this offer,Any 6 for £3.00
2015-11-19 05:00:07.251263,TESCO,211814,"Yoghurt, small individual",Corner Yoghurt,yogurt single,0.0,MULLER CORNER CRUNCH CHOCOLATE DIGESTIVE YOGHUR...,£0.68,0.68,(£0.50/100g),0.5,100,g,5.0,kg,All products available for this offer,Any 6 for £3.00
2015-11-19 05:00:07.256208,TESCO,211814,"Yoghurt, small individual",Corner Yoghurt,yogurt single,0.0,MULLER CORNER CRUNCH BANANA CHOCOLATE FLAKES 13...,£0.68,0.68,(£0.50/100g),0.5,100,g,5.0,kg,All products available for this offer,Any 6 for £3.00
2015-11-19 05:00:07.257715,TESCO,211814,"Yoghurt, small individual",Corner Yoghurt,yogurt single,0.0,MULLER CORNER BLISS STRAWBERRY 4X110G,£1.34,1.34,(£0.31/100g),0.31,100,g,3.1,kg,Half Price Was £2.69 Now £1.34 - all products for this offer,Half Price Was £2.69 Now £1.34
2015-11-19 05:00:07.259198,TESCO,211814,"Yoghurt, small individual",Corner Yoghurt,yogurt single,0.0,MULLER LIGHT GOODIES LEMON MERINGUE 4 PACK,£1.34,1.34,(£0.34/each),0.34,1.0,each,0.34,each,Half Price Was £2.69 Now £1.34 - all products for this offer,Half Price Was £2.69 Now £1.34
2015-11-19 05:00:07.260744,TESCO,211814,"Yoghurt, small individual",Corner Yoghurt,yogurt single,0.0,MULLER CORNER CRUNCH TOFFEE HOOPS YOGHURT 135G,£0.68,0.68,(£0.50/100g),0.5,100,g,5.0,kg,All products available for this offer,Any 6 for £3.00
2015-11-19 05:00:07.262226,TESCO,211814,"Yoghurt, small individual",Corner Yoghurt,yogurt single,0.0,MULLER CORNER GREEK STYLE CHERRY YOGHURT 4X150G,£1.34,1.34,(£0.22/100g),0.22,100,g,2.2,kg,Half Price Was £2.69 Now £1.34 - all products for this offer,Half Price Was £2.69 Now £1.34
2015-11-19 05:00:07.263776,TESCO,211814,"Yoghurt, small individual",Corner Yoghurt,yogurt single,0.0,MULLER CORNER CRUNCH STRAWBERRY SHORTCAKES YOGH...,£0.68,0.68,(£0.50/100g),0.5,100,g,5.0,kg,All products available for this offer,Any 6 for £3.00
2015-11-19 05:00:07.265298,TESCO,211814,"Yoghurt, small individual",Corner Yoghurt,yogurt single,0.0,MULLER CORNER BLISS RASPBERRY 4X110G,£1.34,1.34,(£0.31/100g),0.31,100,g,3.1,kg,Half Price Was £2.69 Now £1.34 - all products for this offer,Half Price Was £2.69 Now £1.34
2015-11-19 05:00:07.268071,TESCO,211814,"Yoghurt, small individual",Corner Yoghurt,yogurt single,0.0,MULLER CORNER FRUIT PEACH AND APRICOT YOGHURT 1...,£0.68,0.68,(£0.45/100g),0.45,100,g,4.5,kg,All products available for this offer,Any 6 for £3.00
2015-11-19 05:00:07.269594,TESCO,211814,"Yoghurt, small individual",Corner Yoghurt,yogurt single,0.0,MULLER CORNER FRUIT CHERRY YOGHURT 150G,£0.68,0.68,(£0.45/100g),0.45,100,g,4.5,kg,All products available for this offer,Any 6 for £3.00
2015-11-19 05:00:07.271079,TESCO,211814,"Yoghurt, small individual",Corner Yoghurt,yogurt single,0.0,MULLER CORNER FRUIT BLACKBERRY AND RASPBERRY YO...,£0.68,0.68,(£0.45/100g),0.45,100,g,4.5,kg,All products available for this offer,Any 6 for £3.00
2015-11-19 05:00:07.272623,TESCO,211814,"Yoghurt, small individual",Corner Yoghurt,yogurt single,0.0,MULLER CORNER RED FRUIT YOGHURT 6 X 150G,£3.89,3.89,(£0.43/100g),0.43,100,g,4.3,kg,All products available for this offer,Any 2 for £5.00
2015-11-19 05:00:07.274106,TESCO,211814,"Yoghurt, small individual",Corner Yoghurt,yogurt single,0.0,MULLER CORNER BLISS CAPPUCCINO 4 PACK,£1.34,1.34,(£0.34/each),0.34,1.0,each,0.34,each,Half Price Was £2.69 Now £1.34 - all products for this offer,Half Price Was £2.69 Now £1.34
2015-11-19 05:00:07.276085,TESCO,211814,"Yoghurt, small individual",Corner Yoghurt,yogurt single,0.0,MULLER LIGHT GOODIES STRAWBERRY WHITE CHOCOLATE...,£1.34,1.34,(£0.34/each),0.34,1.0,each,0.34,each,Half Price Was £2.69 Now £1.34 - all products for this offer,Half Price Was £2.69 Now £1.34
2015-11-19 05:00:07.285538,TESCO,211814,"Yoghurt, small individual",Active & Cholesterol Lowering Yoghurt,yogurt single,0.0,ACTIVIA STRAWBERRY YOGHURT 4X125G,£2.00,2.0,(£0.40/100g),0.4,100,g,4.0,kg,All products available for this offer,Any 2 for £3.00
2015-11-19 05:00:07.287050,TESCO,211814,"Yoghurt, small individual",Active & Cholesterol Lowering Yoghurt,yogurt single,0.0,ACTIVIA RHUBARB YOGHURT 4X125G,£2.00,2.0,(£0.40/100g),0.4,100,g,4.0,kg,All products available for this offer,Any 2 for £3.00
2015-11-19 05:00:07.291651,TESCO,211814,"Yoghurt, small individual",Active & Cholesterol Lowering Yoghurt,yogurt single,0.0,ACTIVIA 0% FAT PEACH YOGHURT 4X125G,£2.00,2.0,(£0.40/100g),0.4,100,g,4.0,kg,All products available for this offer,Any 2 for £3.00
2015-11-19 05:00:07.293202,TESCO,211814,"Yoghurt, small individual",Active & Cholesterol Lowering Yoghurt,yogurt single,0.0,ACTIVIA 0% FAT RASPBERRY YOGHURT 4X125G,£2.00,2.0,(£0.40/100g),0.4,100,g,4.0,kg,All products available for this offer,Any 2 for £3.00
2015-11-19 05:00:07.294693,TESCO,211814,"Yoghurt, small individual",Active & Cholesterol Lowering Yoghurt,yogurt single,0.0,ACTIVIA 0% FAT CHERRY YOGHURT 4X125G,£2.00,2.0,(£0.40/100g),0.4,100,g,4.0,kg,All products available for this offer,Any 2 for £3.00
2015-11-19 05:00:07.296242,TESCO,211814,"Yoghurt, small individual",Active & Cholesterol Lowering Yoghurt,yogurt single,0.0,ACTIVIA INTENSELY CREAMY STRAWBERRY 4X110G,£2.40,2.4,(£0.55/100g),0.55,100,g,5.5,kg,All products available for this offer,Any 2 for £4.00
2015-11-19 05:00:07.297732,TESCO,211814,"Yoghurt, small individual",Active & Cholesterol Lowering Yoghurt,yogurt single,0.0,ACTIVIA 0% FAT RED FRUITS YOGHURT 8X125G,£2.90,2.9,(£0.29/100g),0.29,100,g,2.9,kg,,
2015-11-19 05:00:07.299186,TESCO,211814,"Yoghurt, small individual",Active & Cholesterol Lowering Yoghurt,yogurt single,0.0,ACTIVIA 0% FAT VANILLA YOGHURT 4X125G,£2.00,2.0,(£0.40/100g),0.4,100,g,4.0,kg,All products available for this offer,Any 2 for £3.00
2015-11-19 05:00:07.301179,TESCO,211814,"Yoghurt, small individual",Active & Cholesterol Lowering Yoghurt,yogurt single,0.0,ACTIVIA INTENSELY CREAMY RASPBERRY 4X110G,£2.40,2.4,(£0.55/100g),0.55,100,g,5.5,kg,All products available for this offer,Any 2 for £4.00
2015-11-19 05:00:07.303360,TESCO,211814,"Yoghurt, small individual",Active & Cholesterol Lowering Yoghurt,yogurt single,0.0,ACTIVIA MIXED FRUIT YOGHURT 8X125G,£2.90,2.9,(£0.29/100g),0.29,100,g,2.9,kg,,
2015-11-19 05:00:07.304894,TESCO,211814,"Yoghurt, small individual",Active & Cholesterol Lowering Yoghurt,yogurt single,0.0,ACTIVIA INTENSELY CREAMY PEACH YOGHURT 4X110G,£2.40,2.4,(£0.50/100g),0.5,100,g,5.0,kg,All products available for this offer,Any 2 for £4.00
2015-11-19 05:00:07.306417,TESCO,211814,"Yoghurt, small individual",Active & Cholesterol Lowering Yoghurt,yogurt single,0.0,ACTIVIA MANGO YOGHURT 4X125G,£2.00,2.0,(£0.40/100g),0.4,100,g,4.0,kg,All products available for this offer,Any 2 for £3.00
2015-11-19 05:00:07.307962,TESCO,211814,"Yoghurt, small individual",Active & Cholesterol Lowering Yoghurt,yogurt single,0.0,BENECOL STRAWBERRY YOGHURT DRINK 6X67.5G,£3.75,3.75,(£0.93/100g),0.93,100,g,9.3,kg,All products available for this offer,Any 2 for £6.00
2015-11-19 05:00:07.309497,TESCO,211814,"Yoghurt, small individual",Active & Cholesterol Lowering Yoghurt,yogurt single,0.0,ACTIVIA FUSIONS BLUEBERRY ACAI YOGHURT 4X125G,£2.20,2.2,(£0.44/100g),0.44,100,g,4.4,kg,All products available for this offer,Any 2 for £3.00
2015-11-19 05:00:07.311001,TESCO,211814,"Yoghurt, small individual",Active & Cholesterol Lowering Yoghurt,yogurt single,0.0,ACTIVIA FIG YOGHURT 4X125G,£2.00,2.0,(£0.40/100g),0.4,100,g,4.0,kg,All products available for this offer,Any 2 for £3.00
2015-11-19 05:00:07.312554,TESCO,211814,"Yoghurt, small individual",Active & Cholesterol Lowering Yoghurt,yogurt single,0.0,ACTIVIA HEALTH FRUITS YOGURTS 8X125G,£2.90,2.9,(£0.29/100g),0.29,100,g,2.9,kg,,
2015-11-19 05:00:07.314108,TESCO,211814,"Yoghurt, small individual",Active & Cholesterol Lowering Yoghurt,yogurt single,0.0,ACTIVIA INTENSELY CREAMY BLUEBERRY 4X110G,£2.40,2.4,(£0.55/100g),0.55,100,g,5.5,kg,All products available for this offer,Any 2 for £4.00
2015-11-19 05:00:07.315654,TESCO,211814,"Yoghurt, small individual",Active & Cholesterol Lowering Yoghurt,yogurt single,0.0,ACTIVIA FUSIONS PRUNE YOGHURT 4X125G,£2.20,2.2,(£0.44/100g),0.44,100,g,4.4,kg,All products available for this offer,Any 2 for £3.00
2015-11-19 05:00:07.317210,TESCO,211814,"Yoghurt, small individual",Active & Cholesterol Lowering Yoghurt,yogurt single,0.0,BENECOL LIGHT NATURAL YOGHURT DRINK 6 X 67.5G,£3.75,3.75,(£0.93/100g),0.93,100,g,9.3,kg,All products available for this offer,Any 2 for £6.00
2015-11-19 05:00:07.318747,TESCO,211814,"Yoghurt, small individual",Active & Cholesterol Lowering Yoghurt,yogurt single,0.0,ACTIVIA INTENSELY CREAMY VANILLA 4X110G,£2.40,2.4,(£0.55/100g),0.55,100,g,5.5,kg,All products available for this offer,Any 2 for £4.00
2015-11-19 05:00:07.335769,TESCO,211807,Yoghurt/Fromage Frais ,Natural & Greek Yoghurt,fromage frais,0.0,TESCO GREEK STYLE YOGHURT 500G,£1.00,1.0,(£0.20/100g),0.2,100,g,2.0,kg,,
2015-11-19 05:00:07.337228,TESCO,211807,Yoghurt/Fromage Frais ,Natural & Greek Yoghurt,fromage frais,0.0,TESCO FAT FREE GREEK STYLE YOGHURT 500G,£1.00,1.0,(£0.20/100g),0.2,100,g,2.0,kg,,
2015-11-19 05:00:07.338643,TESCO,211807,Yoghurt/Fromage Frais ,Natural & Greek Yoghurt,fromage frais,0.0,TESCO 0% FAT NATURAL YOGHURT 500G,£0.90,0.9,(£0.18/100g),0.18,100,g,1.8,kg,,
2015-11-19 05:00:07.340685,TESCO,211807,Yoghurt/Fromage Frais ,Natural & Greek Yoghurt,fromage frais,0.0,TESCO LOW FAT NATURAL YOGHURT 500G,£0.90,0.9,(£0.18/100g),0.18,100,g,1.8,kg,,
2015-11-19 05:00:07.342112,TESCO,211807,Yoghurt/Fromage Frais ,Natural & Greek Yoghurt,fromage frais,0.0,TESCO EVERYDAY VALUE LOW FAT NATURAL YOGHURT 50...,£0.45,0.45,(£0.09/100g),0.09,100,g,0.9,kg,,
2015-11-19 05:00:07.343573,TESCO,211807,Yoghurt/Fromage Frais ,Natural & Greek Yoghurt,fromage frais,0.0,YEO VALLEY NATURAL YOGHURT 150G,£0.50,0.5,(£0.33/100g),0.33,100,g,3.3,kg,,
2015-11-19 05:00:07.345001,TESCO,211807,Yoghurt/Fromage Frais ,Natural & Greek Yoghurt,fromage frais,0.0,TOTAL 0% FAT GREEK YOGHURT 500G,£2.40,2.4,(£0.48/100g),0.48,100,g,4.8,kg,,
2015-11-19 05:00:07.346394,TESCO,211807,Yoghurt/Fromage Frais ,Natural & Greek Yoghurt,fromage frais,0.0,YEO VALLEY GREEK STYLE HONEY YOGHURT 4X100G,£1.75,1.75,(£0.44/100g),0.44,100,g,4.4,kg,All products available for this offer,Any 2 for £3.00
2015-11-19 05:00:07.347877,TESCO,211807,Yoghurt/Fromage Frais ,Natural & Greek Yoghurt,fromage frais,0.0,MULLER LIGHT GREEK LUSCIOUS LEMON YOGHURT 4X120...,£2.49,2.49,(£0.52/100g),0.52,100,g,5.2,kg,All products available for this offer,Any 2 for £4.00
2015-11-19 05:00:07.349368,TESCO,211807,Yoghurt/Fromage Frais ,Natural & Greek Yoghurt,fromage frais,0.0,MULLER LIGHT GREEK COCONUT AND VANILLA YOGHURT ...,£2.49,2.49,(£0.52/100g),0.52,100,g,5.2,kg,All products available for this offer,Any 2 for £4.00
2015-11-19 05:00:07.351120,TESCO,211807,Yoghurt/Fromage Frais ,Natural & Greek Yoghurt,fromage frais,1.0,TESCO HEALTHY LIVING NATURAL FROMAGE FRAIS 500G,£1.00,1.0,(£0.20/100g),0.2,100,g,2.0,kg,,
2015-11-19 05:00:07.352589,TESCO,211807,Yoghurt/Fromage Frais ,Natural & Greek Yoghurt,fromage frais,0.0,MULLER CORNER BLISS LEMON 4X110G,£1.34,1.34,(£0.31/100g),0.31,100,g,3.1,kg,Half Price Was £2.69 Now £1.34 - all products for this offer,Half Price Was £2.69 Now £1.34
2015-11-19 05:00:07.354083,TESCO,211807,Yoghurt/Fromage Frais ,Natural & Greek Yoghurt,fromage frais,0.0,TESCO FAT FREE GREEK STYLE YOGHURT 200G,£0.50,0.5,(£0.25/100g),0.25,100,g,2.5,kg,,
2015-11-19 05:00:07.355478,TESCO,211807,Yoghurt/Fromage Frais ,Natural & Greek Yoghurt,fromage frais,0.0,TESCO LOW FAT NATURAL YOGHURT 1KG,£1.70,1.7,(£0.17/100g),0.17,100,g,1.7,kg,,
2015-11-19 05:00:07.356959,TESCO,211807,Yoghurt/Fromage Frais ,Natural & Greek Yoghurt,fromage frais,0.0,TOTAL 0% FAT GREEK YOGHURT 170G,£1.00,1.0,(£0.59/100g),0.59,100,g,5.9,kg,,
2015-11-19 05:00:07.358360,TESCO,211807,Yoghurt/Fromage Frais ,Natural & Greek Yoghurt,fromage frais,0.0,MULLER CORNER BLISS STRAWBERRY 4X110G,£1.34,1.34,(£0.31/100g),0.31,100,g,3.1,kg,Half Price Was £2.69 Now £1.34 - all products for this offer,Half Price Was £2.69 Now £1.34
2015-11-19 05:00:07.359862,TESCO,211807,Yoghurt/Fromage Frais ,Natural & Greek Yoghurt,fromage frais,0.0,MULLER LIGHT GREEK STRAWBERRY YOGHURT 4X120G,£2.49,2.49,(£0.52/100g),0.52,100,g,5.2,kg,All products available for this offer,Any 2 for £4.00
2015-11-19 05:00:07.361403,TESCO,211807,Yoghurt/Fromage Frais ,Natural & Greek Yoghurt,fromage frais,0.0,FAGE TOTAL GREEK YOGHURT 500G,£2.40,2.4,(£0.48/100g),0.48,100,g,4.8,kg,,
2015-11-19 05:00:07.362816,TESCO,211807,Yoghurt/Fromage Frais ,Natural & Greek Yoghurt,fromage frais,0.0,PETITS FILOUS GREEK STYLE YOGHURT 6 X 55G,£1.00,1.0,(£0.30/100g),0.3,100,g,3.0,kg,SAVE 50p Was £1.50 Now £1.00 - all products for this offer,SAVE 50p Was £1.50 Now £1.00
2015-11-19 05:00:07.364323,TESCO,211807,Yoghurt/Fromage Frais ,Natural & Greek Yoghurt,fromage frais,0.0,MULLER CORNER GREEK STYLE CHERRY YOGHURT 4X150G,£1.34,1.34,(£0.22/100g),0.22,100,g,2.2,kg,Half Price Was £2.69 Now £1.34 - all products for this offer,Half Price Was £2.69 Now £1.34
2015-11-19 05:00:07.469421,TESCO,211814,"Yoghurt, small individual",Yoghurt Drinks,yogurt single,0.0,ACTIMEL STRAWBERRY DRINK 12X100G,£3.50,3.5,(£0.29/100g),0.29,100,g,2.9,kg,All products available for this offer,Any 2 for £5.50
2015-11-19 05:00:07.471540,TESCO,211814,"Yoghurt, small individual",Yoghurt Drinks,yogurt single,0.0,MUNCH BUNCH DRINKY STRAWBERRY 6X90G,£2.00,2.0,(£0.37/100g),0.37,100,g,3.7,kg,All products available for this offer,Any 2 for £3.00
2015-11-19 05:00:07.473066,TESCO,211814,"Yoghurt, small individual",Yoghurt Drinks,yogurt single,0.0,TESCO STRAWBERRY YOGHURT DRINKS 6 X 100G,£1.20,1.2,(£0.20/100g),0.2,100,g,2.0,kg,,
2015-11-19 05:00:07.474656,TESCO,211814,"Yoghurt, small individual",Yoghurt Drinks,yogurt single,0.0,ACTIMEL VANILLA DRINK 8X100G,£2.75,2.75,(£0.34/100g),0.34,100,g,3.4,kg,All products available for this offer,Any 2 for £4.00
2015-11-19 05:00:07.476396,TESCO,211814,"Yoghurt, small individual",Yoghurt Drinks,yogurt single,0.0,YAKULT FERMENTED MILK DRINK 7X65ML,£2.75,2.75,(£0.60/100ml),0.6,100,ml,6.0,l,,
2015-11-19 05:00:07.477803,TESCO,211814,"Yoghurt, small individual",Yoghurt Drinks,yogurt single,0.0,ACTIMEL FOR KIDS RASPBERRY AND STRAWBERRY 6X100...,£2.25,2.25,(£0.38/100g),0.38,100,g,3.8,kg,All products available for this offer,Any 2 for £4.00
2015-11-19 05:00:07.479270,TESCO,211814,"Yoghurt, small individual",Yoghurt Drinks,yogurt single,0.0,ACTIMEL FAT FREE RASPBERRY DRINK 8X100G,£2.75,2.75,(£0.34/100g),0.34,100,g,3.4,kg,All products available for this offer,Any 2 for £4.00
2015-11-19 05:00:07.480778,TESCO,211814,"Yoghurt, small individual",Yoghurt Drinks,yogurt single,0.0,YAKULT LIGHT MILK DRINK 7X65ML,£2.75,2.75,(£0.60/100ml),0.6,100,ml,6.0,l,,
2015-11-19 05:00:07.482208,TESCO,211814,"Yoghurt, small individual",Yoghurt Drinks,yogurt single,0.0,ACTIMEL BLUEBERRY DRINK 8X100G,£2.75,2.75,(£0.34/100g),0.34,100,g,3.4,kg,All products available for this offer,Any 2 for £4.00
2015-11-19 05:00:07.483707,TESCO,211814,"Yoghurt, small individual",Yoghurt Drinks,yogurt single,0.0,BENECOL STRAWBERRY YOGHURT DRINK 6X67.5G,£3.75,3.75,(£0.93/100g),0.93,100,g,9.3,kg,All products available for this offer,Any 2 for £6.00
2015-11-19 05:00:07.485203,TESCO,211814,"Yoghurt, small individual",Yoghurt Drinks,yogurt single,0.0,ACTIMEL MULTIFRUIT DRINK 12X100G,£3.50,3.5,(£0.29/100g),0.29,100,g,2.9,kg,All products available for this offer,Any 2 for £5.50
2015-11-19 05:00:07.486673,TESCO,211814,"Yoghurt, small individual",Yoghurt Drinks,yogurt single,0.0,TESCO PEACH AND APRICOT YOGHURT DRINKS 6 X 100G,£1.20,1.2,(£0.20/100g),0.2,100,g,2.0,kg,,
2015-11-19 05:00:07.488155,TESCO,211814,"Yoghurt, small individual",Yoghurt Drinks,yogurt single,0.0,ACTIMEL FOR KIDS STRAWBERRY 6X100G,£2.25,2.25,(£0.38/100g),0.38,100,g,3.8,kg,All products available for this offer,Any 2 for £4.00
2015-11-19 05:00:07.489624,TESCO,211814,"Yoghurt, small individual",Yoghurt Drinks,yogurt single,0.0,YOP STRAWBERRY YOGHURT DRINK 500G,£1.00,1.0,(£0.20/100g),0.2,100,g,2.0,kg,,
2015-11-19 05:00:07.491012,TESCO,211814,"Yoghurt, small individual",Yoghurt Drinks,yogurt single,0.0,BENECOL LIGHT NATURAL YOGHURT DRINK 6 X 67.5G,£3.75,3.75,(£0.93/100g),0.93,100,g,9.3,kg,All products available for this offer,Any 2 for £6.00
2015-11-19 05:00:07.492630,TESCO,211814,"Yoghurt, small individual",Yoghurt Drinks,yogurt single,0.0,ACTIMEL FAT FREE ORIGINAL DRINK 12X100G,£3.50,3.5,(£0.29/100g),0.29,100,g,2.9,kg,All products available for this offer,Any 2 for £5.50
2015-11-19 05:00:07.494125,TESCO,211814,"Yoghurt, small individual",Yoghurt Drinks,yogurt single,0.0,TESCO CHOLESTEROL REDUCING BLUEBERRY YOGHURT DR...,£2.25,2.25,(£0.38/100g),0.38,100,g,3.8,kg,,
2015-11-19 05:00:07.495842,TESCO,211814,"Yoghurt, small individual",Yoghurt Drinks,yogurt single,0.0,ACTIMEL COCONUT DRINK 8X100G,£2.75,2.75,(£0.34/100g),0.34,100,g,3.4,kg,All products available for this offer,Any 2 for £4.00
2015-11-19 05:00:07.497343,TESCO,211814,"Yoghurt, small individual",Yoghurt Drinks,yogurt single,0.0,BENECOL BLUEBERRY YOGHURT DRINK 6X67.5G,£3.75,3.75,(£0.93/100g),0.93,100,g,9.3,kg,All products available for this offer,Any 2 for £6.00
2015-11-19 05:00:07.498811,TESCO,211814,"Yoghurt, small individual",Yoghurt Drinks,yogurt single,0.0,YOP RASPBERRY YOGHURT DRINK 500G,£1.00,1.0,(£0.20/100g),0.2,100,g,2.0,kg,,
2015-11-19 05:00:07.567541,TESCO,211807,Yoghurt/Fromage Frais ,Multipack Yoghurts,fromage frais,0.0,FRUBES VARIETY PACK 9 X 40G,£2.00,2.0,(£0.56/100g),0.56,100,g,5.6,kg,All products available for this offer,Any 2 for £3.00
2015-11-19 05:00:07.569194,TESCO,211807,Yoghurt/Fromage Frais ,Multipack Yoghurts,fromage frais,0.0,WILDLIFE CHOOBS MIXED FRUIT 6X40G,£1.00,1.0,(£0.42/100g),0.42,100,g,4.2,kg,,
2015-11-19 05:00:07.571459,TESCO,211807,Yoghurt/Fromage Frais ,Multipack Yoghurts,fromage frais,0.0,TESCO LOW FAT BERRY MEDLEY YOGHURT 6X125G,£1.00,1.0,(£0.13/100g),0.13,100,g,1.3,kg,,
2015-11-19 05:00:07.573009,TESCO,211807,Yoghurt/Fromage Frais ,Multipack Yoghurts,fromage frais,0.0,MULLER CORNER CRUNCH BISCUIT YOGHURT 6X135,£3.89,3.89,(£0.48/100g),0.48,100,g,4.8,kg,All products available for this offer,Any 2 for £5.00
2015-11-19 05:00:07.574705,TESCO,211807,Yoghurt/Fromage Frais ,Multipack Yoghurts,fromage frais,0.0,MULLER LIGHT FRUITS YOGHURT 6X175G,£1.94,1.94,(£0.19/100g),0.19,100,g,1.9,kg,Half Price Was £3.89 Now £1.94 - all products for this offer,Half Price Was £3.89 Now £1.94
2015-11-19 05:00:07.577264,TESCO,211807,Yoghurt/Fromage Frais ,Multipack Yoghurts,fromage frais,0.0,MULLER CORNER CRUNCH YOGHURT 6X135G,£3.89,3.89,(£0.48/100g),0.48,100,g,4.8,kg,All products available for this offer,Any 2 for £5.00
2015-11-19 05:00:07.578737,TESCO,211807,Yoghurt/Fromage Frais ,Multipack Yoghurts,fromage frais,0.0,FRUBES STRAWBERRY 9 X 40G,£2.00,2.0,(£0.56/100g),0.56,100,g,5.6,kg,All products available for this offer,Any 2 for £3.00
2015-11-19 05:00:07.580252,TESCO,211807,Yoghurt/Fromage Frais ,Multipack Yoghurts,fromage frais,0.5,PETITS FILOUS STRAWBERRY &R/BERRY FROMAGE FRAIS...,£1.00,1.0,(£0.36/100g),0.36,100,g,3.6,kg,SAVE 50p Was £1.50 Now £1.00 - all products for this offer,SAVE 50p Was £1.50 Now £1.00
2015-11-19 05:00:07.585124,TESCO,211807,Yoghurt/Fromage Frais ,Multipack Yoghurts,fromage frais,0.0,SKI SMOOTH STRAWBERRY & RASPBERRY YOGHURT 4X120...,£1.00,1.0,(£0.21/100g),0.21,100,g,2.1,kg,,
2015-11-19 05:00:07.586578,TESCO,211807,Yoghurt/Fromage Frais ,Multipack Yoghurts,fromage frais,0.0,MULLER CORNER FRUIT YOGHURT 6X150G,£3.89,3.89,(£0.43/100g),0.43,100,g,4.3,kg,All products available for this offer,Any 2 for £5.00
2015-11-19 05:00:07.588135,TESCO,211807,Yoghurt/Fromage Frais ,Multipack Yoghurts,fromage frais,0.0,MUNCH BUNCH DOUBLE UP STRAWBERRY AND VANILLA YO...,£1.70,1.7,(£0.50/100g),0.5,100,g,5.0,kg,All products available for this offer,Any 2 for £2.00
2015-11-19 05:00:07.589646,TESCO,211807,Yoghurt/Fromage Frais ,Multipack Yoghurts,fromage frais,0.0,MULLER LIGHT YELLOW FRUIT YOGHURT 6X175,£1.94,1.94,(£0.19/100g),0.19,100,g,1.9,kg,Half Price Was £3.89 Now £1.94 - all products for this offer,Half Price Was £3.89 Now £1.94
2015-11-19 05:00:07.591146,TESCO,211807,Yoghurt/Fromage Frais ,Multipack Yoghurts,fromage frais,0.5,PETITS FILOUS STRAWBERRY AND APRICOT FROMAGE FR...,£1.00,1.0,(£0.36/100g),0.36,100,g,3.6,kg,SAVE 50p Was £1.50 Now £1.00 - all products for this offer,SAVE 50p Was £1.50 Now £1.00
2015-11-19 05:00:07.592690,TESCO,211807,Yoghurt/Fromage Frais ,Multipack Yoghurts,fromage frais,0.5,PETITS FILOUS APRICOT AND STRAWBERRY FROMAGE FR...,£1.00,1.0,(£0.29/100g),0.29,100,g,2.9,kg,SAVE 50p Was £1.50 Now £1.00 - all products for this offer,SAVE 50p Was £1.50 Now £1.00
2015-11-19 05:00:07.594189,TESCO,211807,Yoghurt/Fromage Frais ,Multipack Yoghurts,fromage frais,0.0,ACTIVIA STRAWBERRY YOGHURT 4X125G,£2.00,2.0,(£0.40/100g),0.4,100,g,4.0,kg,All products available for this offer,Any 2 for £3.00
2015-11-19 05:00:07.597575,TESCO,211807,Yoghurt/Fromage Frais ,Multipack Yoghurts,fromage frais,0.0,TESCO LOW FAT GARDEN FRUITS YOGHURT 6X125G,£1.00,1.0,(£0.13/100g),0.13,100,g,1.3,kg,,
2015-11-19 05:00:07.599014,TESCO,211807,Yoghurt/Fromage Frais ,Multipack Yoghurts,fromage frais,0.0,WILDLIFE CHOOBS STRAWBERRY 6X40G,£1.00,1.0,(£0.42/100g),0.42,100,g,4.2,kg,,
2015-11-19 05:00:07.600747,TESCO,211807,Yoghurt/Fromage Frais ,Multipack Yoghurts,fromage frais,0.0,TESCO LOW FAT SUNSHINE FRUITS YOGHURTS 6X125G,£1.00,1.0,(£0.13/100g),0.13,100,g,1.3,kg,,
2015-11-19 05:00:07.602170,TESCO,211807,Yoghurt/Fromage Frais ,Multipack Yoghurts,fromage frais,0.0,ACTIVIA RHUBARB YOGHURT 4X125G,£2.00,2.0,(£0.40/100g),0.4,100,g,4.0,kg,All products available for this offer,Any 2 for £3.00
2015-11-19 05:00:07.603721,TESCO,211807,Yoghurt/Fromage Frais ,Multipack Yoghurts,fromage frais,1.0,PEPPA PIG STRAWBERRY FROMAGE FRAIS 6X45G,£1.00,1.0,(£0.37/100g),0.37,100,g,3.7,kg,,
2015-11-19 05:00:07.614947,TESCO,211814,"Yoghurt, small individual",Dairy Free & Goats Yoghurt,yogurt single,0.0,ALPRO BIG POT NATURAL YOGHURT ALTERNATIVE 500G,£1.35,1.35,(£0.27/100g),0.27,100,g,2.7,kg,,
2015-11-19 05:00:07.616436,TESCO,211814,"Yoghurt, small individual",Dairy Free & Goats Yoghurt,yogurt single,0.0,ALPRO BLACKBERRY AND RASPBERRY YOGHURT 4X125G,£1.80,1.8,(£0.36/100g),0.36,100,g,3.6,kg,,
2015-11-19 05:00:07.617852,TESCO,211814,"Yoghurt, small individual",Dairy Free & Goats Yoghurt,yogurt single,0.0,ALPRO PEACH AND PINEAPPLE YOGHURT ALTERNATIVE 4...,£1.80,1.8,(£0.36/100g),0.36,100,g,3.6,kg,,
2015-11-19 05:00:07.623289,TESCO,211814,"Yoghurt, small individual",Dairy Free & Goats Yoghurt,yogurt single,0.0,TESCO FREE FROM MANGO YOGHURT 4X100G,£1.25,1.25,(£0.31/100g),0.31,100,g,3.1,kg,,
2015-11-19 05:00:07.625246,TESCO,211814,"Yoghurt, small individual",Dairy Free & Goats Yoghurt,yogurt single,0.0,TESCO FREE FROM STRAWBERRY SOYA FROMAGE ALT4X90...,£1.50,1.5,(£0.42/100g),0.42,100,g,4.2,kg,,
2015-11-19 05:00:07.626665,TESCO,211814,"Yoghurt, small individual",Dairy Free & Goats Yoghurt,yogurt single,0.0,LACTOFREE STRAWBERRY & RASPBERRY YOGHURT 4X125G,£1.60,1.6,(£0.32/100g),0.32,100,g,3.2,kg,,
2015-11-19 05:00:07.628120,TESCO,211814,"Yoghurt, small individual",Dairy Free & Goats Yoghurt,yogurt single,0.0,TESCO FREE FROM RASPBERRY PASSION FRUIT YOGURT4...,£1.25,1.25,(£0.31/100g),0.31,100,g,3.1,kg,,
2015-11-19 05:00:07.629542,TESCO,211814,"Yoghurt, small individual",Dairy Free & Goats Yoghurt,yogurt single,0.0,ALPRO BIG POT COCONUT YOGHURT ALTERNATIVE 500G,£1.00,1.0,(£0.20/100g),0.2,100,g,2.0,kg,SAVE 80p Was £1.80 Now £1.00 - all products for this offer,SAVE 80p Was £1.80 Now £1.00
2015-11-19 05:00:07.631028,TESCO,211814,"Yoghurt, small individual",Dairy Free & Goats Yoghurt,yogurt single,0.0,ST HELENS FARM NATURAL GOATS MILK YOGHURT 450G,£2.30,2.3,(£0.51/100g),0.51,100,g,5.1,kg,,
2015-11-19 05:00:07.632510,TESCO,211814,"Yoghurt, small individual",Dairy Free & Goats Yoghurt,yogurt single,0.0,ALPRO BIG POT ALMOND YOGHURT ALTERNATIVE 500G,£1.00,1.0,(£0.20/100g),0.2,100,g,2.0,kg,SAVE 80p Was £1.80 Now £1.00 - all products for this offer,SAVE 80p Was £1.80 Now £1.00
2015-11-19 05:00:07.635618,TESCO,211814,"Yoghurt, small individual",Dairy Free & Goats Yoghurt,yogurt single,0.0,ALPRO BIG POT VANILLA YOGHURT ALTERNATIVE 500G,£1.35,1.35,(£0.27/100g),0.27,100,g,2.7,kg,,
2015-11-19 05:00:07.637082,TESCO,211814,"Yoghurt, small individual",Dairy Free & Goats Yoghurt,yogurt single,0.0,ALPRO STRAWBERRY AND PEACH YOGHURT ALTERNATIVE ...,£1.80,1.8,(£0.36/100g),0.36,100,g,3.6,kg,,
2015-11-19 05:00:07.638502,TESCO,211814,"Yoghurt, small individual",Dairy Free & Goats Yoghurt,yogurt single,0.0,TESCO FREE FROM NATURAL YOGHURT 500G,£1.25,1.25,(£0.25/100g),0.25,100,g,2.5,kg,,
2015-11-19 05:00:07.639932,TESCO,211814,"Yoghurt, small individual",Dairy Free & Goats Yoghurt,yogurt single,0.0,COYO DF COCONUT MILK YOGHURT NATURAL 250G,£3.50,3.5,(£1.40/100g),1.4,100,g,14.0,kg,,
2015-11-19 05:00:07.641381,TESCO,211814,"Yoghurt, small individual",Dairy Free & Goats Yoghurt,yogurt single,0.0,TESCO FREE FROM PEACH YOGHURT 4X100G,£1.25,1.25,(£0.31/100g),0.31,100,g,3.1,kg,,
2015-11-19 05:00:07.642800,TESCO,211814,"Yoghurt, small individual",Dairy Free & Goats Yoghurt,yogurt single,0.0,TESCO FREE FROM BLUEBERRY SOYA YOGHURT 4X100G,£1.25,1.25,(£3.13/kg),3.13,1.0,kg,3.13,kg,,
2015-11-19 05:00:07.644275,TESCO,211814,"Yoghurt, small individual",Dairy Free & Goats Yoghurt,yogurt single,0.0,COYO DF COCONUT MILK YOGHURT VANILLA 125G,£2.00,2.0,(£1.60/100g),1.6,100,g,16.0,kg,,
2015-11-19 05:00:07.652964,TESCO,211501,"Cheese Cheddar, home produced, per kg",Cheddar Cheese,british cheddar,0.5,CATHEDRAL CITY MATURE CHEDDAR 350G,£2.00,2.0,(£5.72/kg),5.72,1.0,kg,5.72,kg,Half Price Was £4.00 Now £2.00 - all products for this offer,Half Price Was £4.00 Now £2.00
2015-11-19 05:00:07.654493,TESCO,211501,"Cheese Cheddar, home produced, per kg",Cheddar Cheese,british cheddar,1.0,TESCO BRITISH MATURE CHEDDAR 450G,£2.50,2.5,(£5.56/kg),5.56,1.0,kg,5.56,kg,,
2015-11-19 05:00:07.655965,TESCO,211814,"Yoghurt, small individual",Dairy Free & Goats Yoghurt,yogurt single,0.0,COYO YOGHURT COCONUT MILK NATURAL 125G,£2.00,2.0,(£1.60/100g),1.6,100,g,16.0,kg,,
2015-11-19 05:00:07.657398,TESCO,211814,"Yoghurt, small individual",Dairy Free & Goats Yoghurt,yogurt single,0.0,COYO YOGHURT COCONUT MILK RAW CHOCOLATE 125G,£2.00,2.0,(£1.60/100g),1.6,100,g,16.0,kg,,
2015-11-19 05:00:07.658823,TESCO,211814,"Yoghurt, small individual",Dairy Free & Goats Yoghurt,yogurt single,0.0,FRUYO CLASSIC COCONUT GREEK YOGHURT 170G,£1.10,1.1,(£0.65/100g),0.65,100,g,6.5,kg,All products available for this offer,Any 4 for £3.00
2015-11-19 05:00:07.663874,TESCO,211501,"Cheese Cheddar, home produced, per kg",Cheddar Cheese,british cheddar,1.0,TESCO BRITISH MEDIUM CHEDDAR 450G,£2.50,2.5,(£5.56/kg),5.56,1.0,kg,5.56,kg,,
2015-11-19 05:00:07.665338,TESCO,211501,"Cheese Cheddar, home produced, per kg",Cheddar Cheese,british cheddar,0.0,CATHEDRAL CITY EXTRA MATURE 350G,£2.00,2.0,(£5.72/kg),5.72,1.0,kg,5.72,kg,Half Price Was £4.00 Now £2.00 - all products for this offer,Half Price Was £4.00 Now £2.00
2015-11-19 05:00:07.666857,TESCO,211501,"Cheese Cheddar, home produced, per kg",Cheddar Cheese,british cheddar,0.0,PILGRIMS CHOICE EXTRA MATURE 350G,£4.00,4.0,(£11.43/kg),11.43,1.0,kg,11.43,kg,,
2015-11-19 05:00:07.668339,TESCO,211501,"Cheese Cheddar, home produced, per kg",Cheddar Cheese,british cheddar,0.0,TESCO LIGHTER MATURE GRATED LIGHTER 250G,£2.00,2.0,(£8.00/kg),8.0,1.0,kg,8.0,kg,All products available for this offer,Any 2 for £3.00
2015-11-19 05:00:07.669850,TESCO,211501,"Cheese Cheddar, home produced, per kg",Cheddar Cheese,british cheddar,0.0,TESCO EVERYDAY VALUE MILD WHITE CHEESE MEDIUM,£2.47,2.47,(£4.33/kg),4.33,1.0,kg,4.33,kg,,
2015-11-19 05:00:07.671259,TESCO,211501,"Cheese Cheddar, home produced, per kg",Cheddar Cheese,british cheddar,1.0,TESCO BRITISH MILD CHEDDAR 450G,£2.50,2.5,(£5.56/kg),5.56,1.0,kg,5.56,kg,,
2015-11-19 05:00:07.672713,TESCO,211501,"Cheese Cheddar, home produced, per kg",Cheddar Cheese,british cheddar,0.5,PILGRIMS CHOICE MATURE CHEDDAR 350G,£4.00,4.0,(£11.43/kg),11.43,1.0,kg,11.43,kg,,
2015-11-19 05:00:07.674217,TESCO,211501,"Cheese Cheddar, home produced, per kg",Cheddar Cheese,british cheddar,0.5,TESCO EVERYDAY VALUE MATURE CHEDDAR,£3.08,3.08,(£5.40/each),5.4,1.0,each,5.4,each,,
2015-11-19 05:00:07.676157,TESCO,211501,"Cheese Cheddar, home produced, per kg",Cheddar Cheese,british cheddar,0.0,CATHEDRAL CITY LIGHTER 350G,£4.00,4.0,(£11.43/kg),11.43,1.0,kg,11.43,kg,,
2015-11-19 05:00:07.677576,TESCO,211501,"Cheese Cheddar, home produced, per kg",Cheddar Cheese,british cheddar,0.0,TESCO LIGHTER MATURE CHEESE 450G,£2.50,2.5,(£5.56/kg),5.56,1.0,kg,5.56,kg,,
2015-11-19 05:00:07.678985,TESCO,211501,"Cheese Cheddar, home produced, per kg",Cheddar Cheese,british cheddar,0.5,CATHEDRAL CITY MATURE CHEDDAR 550G,£5.50,5.5,(£10.00/kg),10.0,1.0,kg,10.0,kg,,
2015-11-19 05:00:07.680494,TESCO,211501,"Cheese Cheddar, home produced, per kg",Cheddar Cheese,british cheddar,0.0,CATHEDRAL CITY MATURE TWIN PACK 2 X 350G,£7.50,7.5,(£10.72/kg),10.72,1.0,kg,10.72,kg,,
2015-11-19 05:00:07.681905,TESCO,211501,"Cheese Cheddar, home produced, per kg",Cheddar Cheese,british cheddar,0.5,TESCO EXTRA MATURE WHITE CHEDDAR 450G,£2.50,2.5,(£5.56/kg),5.56,1.0,kg,5.56,kg,,
2015-11-19 05:00:07.683317,TESCO,211501,"Cheese Cheddar, home produced, per kg",Cheddar Cheese,british cheddar,0.0,TESCO EVERYDAY VALUE MILD WHITE CHEESE SMALL,£2.48,2.48,(£5.50/kg),5.5,1.0,kg,5.5,kg,,
2015-11-19 05:00:07.684828,TESCO,211501,"Cheese Cheddar, home produced, per kg",Cheddar Cheese,british cheddar,0.5,TESCO EVERYDAY VALUE MATURE CHEDDAR,£4.90,4.9,(£4.90/kg),4.9,1.0,kg,4.9,kg,,
2015-11-19 05:00:07.686285,TESCO,211501,"Cheese Cheddar, home produced, per kg",Cheddar Cheese,british cheddar,0.5,TESCO MEDIUM WHITE CHEDDAR 200G,£1.40,1.4,(£7.00/kg),7.0,1.0,kg,7.0,kg,,
2015-11-19 05:00:07.687735,TESCO,211501,"Cheese Cheddar, home produced, per kg",Cheddar Cheese,british cheddar,1.0,TESCO BRITISH MATURE 10 CHEDDAR SLICES 250G,£2.00,2.0,(£8.00/kg),8.0,1.0,kg,8.0,kg,All products available for this offer,Any 2 for £3.00
2015-11-19 05:00:07.689266,TESCO,211501,"Cheese Cheddar, home produced, per kg",Cheddar Cheese,british cheddar,0.0,TESCO EVERYDAY VALUE MILD WHITE CHEESE EXTRA LA...,£4.33,4.33,(£4.33/kg),4.33,1.0,kg,4.33,kg,,
2015-11-19 05:00:07.757351,TESCO,211305,"Spreadable butter, 500g, 40-70% butter content","Butter, Spreads & Margarine",spreadable butter 500g,0.33,TESCO ENGLISH SALTED BLOCK BUTTER 250G ++,£0.85,0.85,(£3.40/kg),3.4,1.0,kg,3.4,kg,,
2015-11-19 05:00:07.762840,TESCO,211305,"Spreadable butter, 500g, 40-70% butter content","Butter, Spreads & Margarine",spreadable butter 500g,0.33,TESCO ENGLISH UNSALTED BLOCK BUTTER 250G ++,£0.85,0.85,(£3.40/kg),3.4,1.0,kg,3.4,kg,,
2015-11-19 05:00:07.764384,TESCO,211305,"Spreadable butter, 500g, 40-70% butter content","Butter, Spreads & Margarine",spreadable butter 500g,0.33,COUNTRY LIFE ORIGINAL BLOCK BUTTER 250G,£1.30,1.3,(£5.20/kg),5.2,1.0,kg,5.2,kg,All products available for this offer,Any 2 for £2.00
2015-11-19 05:00:07.765926,TESCO,211305,"Spreadable butter, 500g, 40-70% butter content","Butter, Spreads & Margarine",spreadable butter 500g,0.67,LURPAK SLIGHTLY SALTED SPREADABLE 500G,£3.25,3.25,(£6.50/kg),6.5,1.0,kg,6.5,kg,,
2015-11-19 05:00:07.767392,TESCO,211305,"Spreadable butter, 500g, 40-70% butter content","Butter, Spreads & Margarine",spreadable butter 500g,0.33,STORK ORIGINAL BAKING SPREAD 500G,£1.10,1.1,(£2.20/kg),2.2,1.0,kg,2.2,kg,,
2015-11-19 05:00:07.768923,TESCO,211305,"Spreadable butter, 500g, 40-70% butter content","Butter, Spreads & Margarine",spreadable butter 500g,0.33,FLORA LIGHT SPREAD 500G,£1.50,1.5,(£3.00/kg),3.0,1.0,kg,3.0,kg,All products available for this offer,Any 2 for £2.00
2015-11-19 05:00:07.770456,TESCO,211305,"Spreadable butter, 500g, 40-70% butter content","Butter, Spreads & Margarine",spreadable butter 500g,0.67,ANCHOR ORIGINAL SPREADABLE 500G,£3.25,3.25,(£6.50/kg),6.5,1.0,kg,6.5,kg,All products available for this offer,Any 2 for £4.00
2015-11-19 05:00:07.772013,TESCO,211305,"Spreadable butter, 500g, 40-70% butter content","Butter, Spreads & Margarine",spreadable butter 500g,0.33,FLORA BUTTERY SPREAD 500G,£1.50,1.5,(£3.00/kg),3.0,1.0,kg,3.0,kg,All products available for this offer,Any 2 for £2.00
2015-11-19 05:00:07.775836,TESCO,211305,"Spreadable butter, 500g, 40-70% butter content","Butter, Spreads & Margarine",spreadable butter 500g,0.33,ANCHOR ORIGINAL BLOCK BUTTER 250G,£1.70,1.7,(£6.80/kg),6.8,1.0,kg,6.8,kg,,
2015-11-19 05:00:07.777358,TESCO,211305,"Spreadable butter, 500g, 40-70% butter content","Butter, Spreads & Margarine",spreadable butter 500g,0.33,KERRYGOLD PURE IRISH BLOCK BUTTER 250G,£1.60,1.6,(£6.40/kg),6.4,1.0,kg,6.4,kg,,
2015-11-19 05:00:07.778849,TESCO,211305,"Spreadable butter, 500g, 40-70% butter content","Butter, Spreads & Margarine",spreadable butter 500g,0.33,LURPAK SLIGHTLY SALTED BLOCK BUTTER 250G,£1.70,1.7,(£6.80/kg),6.8,1.0,kg,6.8,kg,All products available for this offer,Any 2 for £3.00
2015-11-19 05:00:07.780450,TESCO,211305,"Spreadable butter, 500g, 40-70% butter content","Butter, Spreads & Margarine",spreadable butter 500g,0.33,CLOVER ORIGINAL SPREAD 500G,£1.50,1.5,(£3.00/kg),3.0,1.0,kg,3.0,kg,All products available for this offer,Any 2 for £2.00
2015-11-19 05:00:07.781978,TESCO,211305,"Spreadable butter, 500g, 40-70% butter content","Butter, Spreads & Margarine",spreadable butter 500g,0.67,TESCO BUTTER ME UP SPREAD 500G,£0.89,0.89,(£1.78/kg),1.78,1.0,kg,1.78,kg,,
2015-11-19 05:00:07.783425,TESCO,211305,"Spreadable butter, 500g, 40-70% butter content","Butter, Spreads & Margarine",spreadable butter 500g,0.67,LURPAK LIGHTER SLIGHTLY SALTED SPREADABLE 500G,£3.25,3.25,(£6.50/kg),6.5,1.0,kg,6.5,kg,,
2015-11-19 05:00:07.784969,TESCO,211305,"Spreadable butter, 500g, 40-70% butter content","Butter, Spreads & Margarine",spreadable butter 500g,0.0,STORK ORIGINAL BAKING BLOCK 250G,£0.69,0.69,(£2.76/kg),2.76,1.0,kg,2.76,kg,,
2015-11-19 05:00:07.793125,TESCO,211709,"Shop Milk, whole milk",Fresh Milk,whole,0.0,TESCO BRITISH SEMI SKIMMED MILK 2.272LTR/4PINTS,£1.00,1.0,(£0.44/l),0.44,1.0,l,0.44,l,,
2015-11-19 05:00:07.794540,TESCO,211709,"Shop Milk, whole milk",Fresh Milk,whole,1.0,TESCO BRITISH WHOLE MILK 2.272L/4 PINTS,£1.00,1.0,(£0.44/l),0.44,1.0,l,0.44,l,,
2015-11-19 05:00:07.795920,TESCO,211709,"Shop Milk, whole milk",Fresh Milk,whole,0.0,TESCO BRITISH SEMI SKIMMED MILK 1.136L/2PINTS,£0.75,0.75,(£0.66/l),0.66,1.0,l,0.66,l,,
2015-11-19 05:00:07.802379,TESCO,211305,"Spreadable butter, 500g, 40-70% butter content","Butter, Spreads & Margarine",spreadable butter 500g,0.0,TESCO EVERYDAY VALUE LARD 250G,£0.39,0.39,(£1.56/kg),1.56,1.0,kg,1.56,kg,,
2015-11-19 05:00:07.803938,TESCO,211305,"Spreadable butter, 500g, 40-70% butter content","Butter, Spreads & Margarine",spreadable butter 500g,0.33,FLORA ORIGINAL SPREAD 500G,£1.50,1.5,(£3.00/kg),3.0,1.0,kg,3.0,kg,All products available for this offer,Any 2 for £2.00
2015-11-19 05:00:07.805503,TESCO,211305,"Spreadable butter, 500g, 40-70% butter content","Butter, Spreads & Margarine",spreadable butter 500g,0.33,VITALITE SUNFLOWER SPREAD 500G,£1.00,1.0,(£2.00/kg),2.0,1.0,kg,2.0,kg,,
2015-11-19 05:00:07.806954,TESCO,211305,"Spreadable butter, 500g, 40-70% butter content","Butter, Spreads & Margarine",spreadable butter 500g,0.0,CLOVER ORIGINAL SPREAD 1KG,£2.90,2.9,(£2.90/kg),2.9,1.0,kg,2.9,kg,,
2015-11-19 05:00:07.808434,TESCO,211305,"Spreadable butter, 500g, 40-70% butter content","Butter, Spreads & Margarine",spreadable butter 500g,0.67,COUNTRY LIFE ORIGINAL SPREADABLE 500G,£2.50,2.5,(£5.00/kg),5.0,1.0,kg,5.0,kg,,
2015-11-19 05:00:07.813539,TESCO,211709,"Shop Milk, whole milk",Fresh Milk,whole,0.0,TESCO BRITISH SKIMMED MILK 2.272L/4 PINTS,£1.00,1.0,(£0.44/l),0.44,1.0,l,0.44,l,,
2015-11-19 05:00:07.814986,TESCO,211709,"Shop Milk, whole milk",Fresh Milk,whole,0.0,TESCO BRITISH SEMI SKIMMED MILK 3.480L/6PINTS,£1.48,1.48,(£0.43/l),0.43,1.0,l,0.43,l,,
2015-11-19 05:00:07.816464,TESCO,211709,"Shop Milk, whole milk",Fresh Milk,whole,0.0,TESCO BRITISH SKIMMED MILK 1.136L/2PINTS,£0.75,0.75,(£0.66/l),0.66,1.0,l,0.66,l,,
2015-11-19 05:00:07.817889,TESCO,211709,"Shop Milk, whole milk",Fresh Milk,whole,1.0,TESCO BRITISH WHOLE MILK 3.408L/6 PINTS,£1.48,1.48,(£0.43/l),0.43,1.0,l,0.43,l,,
2015-11-19 05:00:07.819314,TESCO,211709,"Shop Milk, whole milk",Fresh Milk,whole,0.0,CRAVENDALE SEMI SKIMMED MILK 2 LITRE,£1.90,1.9,(£0.95/l),0.95,1.0,l,0.95,l,All products available for this offer,Any 2 for £3.00
2015-11-19 05:00:07.820825,TESCO,211709,"Shop Milk, whole milk",Fresh Milk,whole,1.0,TESCO BRITISH WHOLE MILK 1.136L/2PINTS,£0.75,0.75,(£0.66/l),0.66,1.0,l,0.66,l,,
2015-11-19 05:00:07.822258,TESCO,211709,"Shop Milk, whole milk",Fresh Milk,whole,0.0,TESCO BRITISH SEMI SKIMMED MILK 568ML/1 PINT,£0.45,0.45,(£0.79/l),0.79,1.0,l,0.79,l,,
2015-11-19 05:00:07.830771,TESCO,211709,"Shop Milk, whole milk",Fresh Milk,whole,0.0,TESCO ORGANIC BRITISH SEMI SKIMMED MILK 2.272L/...,£1.84,1.84,(£0.81/l),0.81,1.0,l,0.81,l,All products available for this offer,Any 2 for £3.00
2015-11-19 05:00:07.832351,TESCO,211709,"Shop Milk, whole milk",Fresh Milk,whole,0.0,TESCO PURE BRITISH SEMI SKIMMED MILK 2L,£1.25,1.25,(£0.63/l),0.63,1.0,l,0.63,l,,
2015-11-19 05:00:07.833761,TESCO,211709,"Shop Milk, whole milk",Fresh Milk,whole,0.0,TESCO BRITISH 1% MILK 2.272L/4 PINTS,£1.00,1.0,(£0.44/l),0.44,1.0,l,0.44,l,,
2015-11-19 05:00:07.835175,TESCO,211709,"Shop Milk, whole milk",Fresh Milk,whole,1.0,CRAVENDALE WHOLE MILK 2 LITRES,£1.90,1.9,(£0.95/l),0.95,1.0,l,0.95,l,All products available for this offer,Any 2 for £3.00
2015-11-19 05:00:07.836719,TESCO,211709,"Shop Milk, whole milk",Fresh Milk,whole,0.0,TESCO EVERYDAY VALUE SKIMMED LONGLIFE MILK 1L,£0.49,0.49,(£0.49/l),0.49,1.0,l,0.49,l,,
2015-11-19 05:00:07.838165,TESCO,211709,"Shop Milk, whole milk",Fresh Milk,whole,0.0,TESCO BRITISH SKIMMED MILK 568ML/1 PINT,£0.45,0.45,(£0.79/l),0.79,1.0,l,0.79,l,,
2015-11-19 05:00:07.839627,TESCO,211709,"Shop Milk, whole milk",Fresh Milk,whole,0.0,NESQUIK STRAWBERRY POWDER 300G,£1.99,1.99,(£0.66/100g),0.66,100,g,6.6,kg,,
2015-11-19 05:00:07.848484,TESCO,211814,"Yoghurt, small individual",Fat Free & Low Fat Yoghurt,yogurt single,0.0,TESCO LOW FAT BERRY MEDLEY YOGHURT 6X125G,£1.00,1.0,(£0.13/100g),0.13,100,g,1.3,kg,,
2015-11-19 05:00:07.850029,TESCO,211814,"Yoghurt, small individual",Fat Free & Low Fat Yoghurt,yogurt single,0.0,MULLER LIGHT FRUITS YOGHURT 6X175G,£1.94,1.94,(£0.19/100g),0.19,100,g,1.9,kg,Half Price Was £3.89 Now £1.94 - all products for this offer,Half Price Was £3.89 Now £1.94
2015-11-19 05:00:07.857088,TESCO,211709,"Shop Milk, whole milk",Fresh Milk,whole,0.0,LACTOFREE FRESH SEMI SKIMMED MILK 1L,£1.35,1.35,(£1.35/l),1.35,1.0,l,1.35,l,,
2015-11-19 05:00:07.858563,TESCO,211709,"Shop Milk, whole milk",Fresh Milk,whole,1.0,TESCO BRITISH WHOLE MILK 568ML/1 PINT,£0.45,0.45,(£0.79/l),0.79,1.0,l,0.79,l,,
2015-11-19 05:00:07.859999,TESCO,211709,"Shop Milk, whole milk",Fresh Milk,whole,1.0,TESCO ORGANIC BRITISH WHOLE MILK 2.272L/4 PINTS,£1.84,1.84,(£0.81/l),0.81,1.0,l,0.81,l,All products available for this offer,Any 2 for £3.00
2015-11-19 05:00:07.864544,TESCO,211814,"Yoghurt, small individual",Fat Free & Low Fat Yoghurt,yogurt single,0.0,PETITS FILOUS STRAWBERRY & RASPBERRY FROMAGE FR...,£1.00,1.0,(£0.29/100g),0.29,100,g,2.9,kg,SAVE 50p Was £1.50 Now £1.00 - all products for this offer,SAVE 50p Was £1.50 Now £1.00
2015-11-19 05:00:07.866076,TESCO,211814,"Yoghurt, small individual",Fat Free & Low Fat Yoghurt,yogurt single,0.0,TESCO EVERYDAY VALUE LOW FAT FRUIT YOGHURT 4X12...,£0.33,0.33,(£0.07/100g),0.07,100,g,0.7,kg,,
2015-11-19 05:00:07.867505,TESCO,211814,"Yoghurt, small individual",Fat Free & Low Fat Yoghurt,yogurt single,0.0,SKI SMOOTH STRAWBERRY & RASPBERRY YOGHURT 4X120...,£1.00,1.0,(£0.21/100g),0.21,100,g,2.1,kg,,
2015-11-19 05:00:07.868986,TESCO,211814,"Yoghurt, small individual",Fat Free & Low Fat Yoghurt,yogurt single,0.0,MULLER LIGHT YELLOW FRUIT YOGHURT 6X175,£1.94,1.94,(£0.19/100g),0.19,100,g,1.9,kg,Half Price Was £3.89 Now £1.94 - all products for this offer,Half Price Was £3.89 Now £1.94
2015-11-19 05:00:07.870513,TESCO,211814,"Yoghurt, small individual",Fat Free & Low Fat Yoghurt,yogurt single,0.0,TESCO 0% FAT NATURAL YOGHURT 500G,£0.90,0.9,(£0.18/100g),0.18,100,g,1.8,kg,,
2015-11-19 05:00:07.871981,TESCO,211814,"Yoghurt, small individual",Fat Free & Low Fat Yoghurt,yogurt single,0.0,ACTIVIA STRAWBERRY YOGHURT 4X125G,£2.00,2.0,(£0.40/100g),0.4,100,g,4.0,kg,All products available for this offer,Any 2 for £3.00
2015-11-19 05:00:07.873506,TESCO,211814,"Yoghurt, small individual",Fat Free & Low Fat Yoghurt,yogurt single,0.0,TESCO LOW FAT GARDEN FRUITS YOGHURT 6X125G,£1.00,1.0,(£0.13/100g),0.13,100,g,1.3,kg,,
2015-11-19 05:00:07.882853,TESCO,310207,"Bitter, 4 cans, 3.4%-7.5% ABV",Beer - Ale & Bitter,bitter,0.0,BADGER FURSTY FERRET 500ML,£1.79,1.79,(£3.58/l),3.58,1.0,l,3.58,l,All products available for this offer,Any 4 for £6.00
2015-11-19 05:00:07.884429,TESCO,310207,"Bitter, 4 cans, 3.4%-7.5% ABV",Beer - Ale & Bitter,bitter,1.0,ABBOT ALE STRONG BITTER 4X500ML CANS,£5.00,5.0,(£2.50/l),2.5,1.0,l,2.5,l,All products available for this offer,Any 2 for £8.00
2015-11-19 05:00:07.887575,TESCO,211814,"Yoghurt, small individual",Fat Free & Low Fat Yoghurt,yogurt single,0.0,TESCO LOW FAT NATURAL YOGHURT 500G,£0.90,0.9,(£0.18/100g),0.18,100,g,1.8,kg,,
2015-11-19 05:00:07.889064,TESCO,211814,"Yoghurt, small individual",Fat Free & Low Fat Yoghurt,yogurt single,0.0,MULLER LIGHT TOFFEE YOGHURT 175G,£0.68,0.68,(£0.39/100g),0.39,100,g,3.9,kg,All products available for this offer,Any 6 for £3.00
2015-11-19 05:00:07.890571,TESCO,211814,"Yoghurt, small individual",Fat Free & Low Fat Yoghurt,yogurt single,0.0,TESCO LOW FAT SUNSHINE FRUITS YOGHURTS 6X125G,£1.00,1.0,(£0.13/100g),0.13,100,g,1.3,kg,,
2015-11-19 05:00:07.892092,TESCO,211814,"Yoghurt, small individual",Fat Free & Low Fat Yoghurt,yogurt single,0.0,ACTIVIA RHUBARB YOGHURT 4X125G,£2.00,2.0,(£0.40/100g),0.4,100,g,4.0,kg,All products available for this offer,Any 2 for £3.00
2015-11-19 05:00:07.893599,TESCO,211814,"Yoghurt, small individual",Fat Free & Low Fat Yoghurt,yogurt single,0.0,NESTLE ROLO DESSERT 2X70G,£0.65,0.65,(£0.46/100g),0.46,100,g,4.6,kg,Half Price Was £1.30 Now 65p - all products for this offer,Half Price Was £1.30 Now 65p
2015-11-19 05:00:07.895096,TESCO,211814,"Yoghurt, small individual",Fat Free & Low Fat Yoghurt,yogurt single,0.0,MULLER LIGHT BANANA AND CUSTARD YOGHURT 175G,£0.68,0.68,(£0.39/100g),0.39,100,g,3.9,kg,All products available for this offer,Any 6 for £3.00
2015-11-19 05:00:07.896666,TESCO,211814,"Yoghurt, small individual",Fat Free & Low Fat Yoghurt,yogurt single,0.0,TESCO EVERYDAY VALUE LOW FAT NATURAL YOGHURT 50...,£0.45,0.45,(£0.09/100g),0.09,100,g,0.9,kg,,
2015-11-19 05:00:07.898109,TESCO,310207,"Bitter, 4 cans, 3.4%-7.5% ABV",Beer - Ale & Bitter,bitter,0.0,SHARPS DOOM BAR 500ML,£1.79,1.79,(£3.58/l),3.58,1.0,l,3.58,l,All products available for this offer,Any 4 for £6.00
2015-11-19 05:00:07.899907,TESCO,310207,"Bitter, 4 cans, 3.4%-7.5% ABV",Beer - Ale & Bitter,bitter,0.0,OLD SPECKLED HEN 4 X 500MLCANS,£4.50,4.5,(£2.25/l),2.25,1.0,l,2.25,l,All products available for this offer,Any 2 for £8.00
2015-11-19 05:00:07.901535,TESCO,310207,"Bitter, 4 cans, 3.4%-7.5% ABV",Beer - Ale & Bitter,bitter,0.0,JOHN SMITHS EXTRA SMOOTH 18X440ML CANS,£12.00,12.0,(£1.52/l),1.52,1.0,l,1.52,l,All products available for this offer,Only £12.00
2015-11-19 05:00:07.903034,TESCO,310207,"Bitter, 4 cans, 3.4%-7.5% ABV",Beer - Ale & Bitter,bitter,0.0,HOBGOBLIN 500ML,£1.25,1.25,(£2.50/l),2.5,1.0,l,2.5,l,,
2015-11-19 05:00:07.904492,TESCO,310207,"Bitter, 4 cans, 3.4%-7.5% ABV",Beer - Ale & Bitter,bitter,0.0,OLD SPECKLED HEN 500ML,£1.25,1.25,(£2.50/l),2.5,1.0,l,2.5,l,,
2015-11-19 05:00:07.905912,TESCO,310207,"Bitter, 4 cans, 3.4%-7.5% ABV",Beer - Ale & Bitter,bitter,0.0,ST AUSTELL PROPER JOB ALE 500ML,£1.99,1.99,(£3.98/l),3.98,1.0,l,3.98,l,All products available for this offer,Any 4 for £6.00
2015-11-19 05:00:07.907397,TESCO,310207,"Bitter, 4 cans, 3.4%-7.5% ABV",Beer - Ale & Bitter,bitter,0.0,TIMOTHY TAYLORS LANDLORD PALE 500ML,£1.99,1.99,(£3.98/l),3.98,1.0,l,3.98,l,All products available for this offer,Any 4 for £6.00
2015-11-19 05:00:07.916119,TESCO,310215,"Lager, 4 bottles, 4.3%-7.5% ABV",Beer - Lager,lager bottles,0.5,FOSTERS LAGER 20 X 440ML CANS,£10.00,10.0,(£1.14/l),1.14,1.0,l,1.14,l,,
2015-11-19 05:00:07.917562,TESCO,310215,"Lager, 4 bottles, 4.3%-7.5% ABV",Beer - Lager,lager bottles,0.0,STELLA ARTOIS 18 X 440ML,£13.00,13.0,(£1.65/l),1.65,1.0,l,1.65,l,,
2015-11-19 05:00:07.919067,TESCO,211814,"Yoghurt, small individual",Fat Free & Low Fat Yoghurt,yogurt single,0.0,MULLER LIGHT STRAWBERRY YOGHURT 175G,£0.68,0.68,(£0.39/100g),0.39,100,g,3.9,kg,All products available for this offer,Any 6 for £3.00
2015-11-19 05:00:07.920656,TESCO,211814,"Yoghurt, small individual",Fat Free & Low Fat Yoghurt,yogurt single,0.0,MULLER LIGHT CHOCOLATE YOGHURT 6X165G,£1.94,1.94,(£0.20/100g),0.2,100,g,2.0,kg,Half Price Was £3.89 Now £1.94 - all products for this offer,Half Price Was £3.89 Now £1.94
2015-11-19 05:00:07.922192,TESCO,211814,"Yoghurt, small individual",Fat Free & Low Fat Yoghurt,yogurt single,0.0,TOTAL 0% FAT GREEK YOGHURT 500G,£2.40,2.4,(£0.48/100g),0.48,100,g,4.8,kg,,
2015-11-19 05:00:07.923633,TESCO,211814,"Yoghurt, small individual",Fat Free & Low Fat Yoghurt,yogurt single,0.0,MULLER LIGHT VANILLA AND CHOCOLATE YOGHURT 165G,£0.68,0.68,(£0.41/100g),0.41,100,g,4.1,kg,All products available for this offer,Any 6 for £3.00
2015-11-19 05:00:07.928821,TESCO,310207,"Bitter, 4 cans, 3.4%-7.5% ABV",Beer - Ale & Bitter,bitter,0.0,MCEWANS EXPORT ALE 4X500ML CANS,£3.90,3.9,(£1.95/l),1.95,1.0,l,1.95,l,,
2015-11-19 05:00:07.930298,TESCO,310207,"Bitter, 4 cans, 3.4%-7.5% ABV",Beer - Ale & Bitter,bitter,0.0,FULLERS LONDON PRIDE 500ML,£1.79,1.79,(£3.58/l),3.58,1.0,l,3.58,l,All products available for this offer,Any 4 for £6.00
2015-11-19 05:00:07.931823,TESCO,310207,"Bitter, 4 cans, 3.4%-7.5% ABV",Beer - Ale & Bitter,bitter,0.0,BLACK SHEEP ALE 500ML,£1.79,1.79,(£3.58/l),3.58,1.0,l,3.58,l,All products available for this offer,Any 4 for £6.00
2015-11-19 05:00:07.933382,TESCO,310207,"Bitter, 4 cans, 3.4%-7.5% ABV",Beer - Ale & Bitter,bitter,0.0,INNIS AND GUNN ORIGINAL 330ML,£1.79,1.79,(£5.43/l),5.43,1.0,l,5.43,l,All products available for this offer,Any 4 for £6.00
2015-11-19 05:00:07.934880,TESCO,310207,"Bitter, 4 cans, 3.4%-7.5% ABV",Beer - Ale & Bitter,bitter,1.0,BANKS BITTER 500ML,£0.89,0.89,(£1.78/l),1.78,1.0,l,1.78,l,,
2015-11-19 05:00:07.936345,TESCO,310207,"Bitter, 4 cans, 3.4%-7.5% ABV",Beer - Ale & Bitter,bitter,0.0,ST AUSTELL TRIBUTE 500ML,£1.79,1.79,(£3.58/l),3.58,1.0,l,3.58,l,All products available for this offer,Any 4 for £6.00
2015-11-19 05:00:07.937841,TESCO,310207,"Bitter, 4 cans, 3.4%-7.5% ABV",Beer - Ale & Bitter,bitter,0.0,OLD CRAFTY HEN 500ML,£1.99,1.99,(£3.98/l),3.98,1.0,l,3.98,l,All products available for this offer,Any 4 for £6.00
2015-11-19 05:00:07.939938,TESCO,310215,"Lager, 4 bottles, 4.3%-7.5% ABV",Beer - Lager,lager bottles,0.5,CARLING LAGER 20X440ML,£11.00,11.0,(£1.25/l),1.25,1.0,l,1.25,l,,
2015-11-19 05:00:07.941403,TESCO,310215,"Lager, 4 bottles, 4.3%-7.5% ABV",Beer - Lager,lager bottles,0.0,BIERE DOR 10X25CL,£3.50,3.5,(£1.40/l),1.4,1.0,l,1.4,l,,
2015-11-19 05:00:07.942811,TESCO,310215,"Lager, 4 bottles, 4.3%-7.5% ABV",Beer - Lager,lager bottles,0.0,STELLA ARTOIS 4X440ML,£3.54,3.54,(£2.02/l),2.02,1.0,l,2.02,l,,
2015-11-19 05:00:07.944290,TESCO,310215,"Lager, 4 bottles, 4.3%-7.5% ABV",Beer - Lager,lager bottles,0.0,BUDWEISER 20X300ML BOTTLE,£10.00,10.0,(£1.67/l),1.67,1.0,l,1.67,l,All products available for this offer,Only £12.00
2015-11-19 05:00:07.945775,TESCO,310215,"Lager, 4 bottles, 4.3%-7.5% ABV",Beer - Lager,lager bottles,0.0,CORONA EXTRA 12X330ML,£12.00,12.0,(£3.04/l),3.04,1.0,l,3.04,l,All products available for this offer,Any 2 for £18.00
2015-11-19 05:00:07.947264,TESCO,310215,"Lager, 4 bottles, 4.3%-7.5% ABV",Beer - Lager,lager bottles,0.5,COBRA INDIAN PREMIUM LAGER 4 X 330ML,£4.50,4.5,(£3.41/l),3.41,1.0,l,3.41,l,All products available for this offer,Any 2 for £8.00
2015-11-19 05:00:07.948802,TESCO,310215,"Lager, 4 bottles, 4.3%-7.5% ABV",Beer - Lager,lager bottles,0.0,HOLSTEN PILS 4X440ML,£3.50,3.5,(£1.99/l),1.99,1.0,l,1.99,l,,
2015-11-19 05:00:07.950796,TESCO,310207,"Bitter, 4 cans, 3.4%-7.5% ABV",Beer - Ale & Bitter,bitter,0.0,NEWCASTLE BROWN ALE 4 X 500ML CANS,£4.50,4.5,(£2.25/l),2.25,1.0,l,2.25,l,All products available for this offer,Any 2 for £8.00
2015-11-19 05:00:07.952365,TESCO,310207,"Bitter, 4 cans, 3.4%-7.5% ABV",Beer - Ale & Bitter,bitter,0.0,NEWCASTLE BROWN ALE 550ML,£1.79,1.79,(£3.26/l),3.26,1.0,l,3.26,l,All products available for this offer,Any 4 for £6.00
2015-11-19 05:00:07.953874,TESCO,310207,"Bitter, 4 cans, 3.4%-7.5% ABV",Beer - Ale & Bitter,bitter,0.0,BREWDOG PUNK IPA 330ML,£1.79,1.79,(£5.43/l),5.43,1.0,l,5.43,l,All products available for this offer,Any 4 for £6.00
2015-11-19 05:00:07.955373,TESCO,310207,"Bitter, 4 cans, 3.4%-7.5% ABV",Beer - Ale & Bitter,bitter,0.0,CRABBIES ALCOHOLIC GINGER BEER 500ML,£1.79,1.79,(£3.58/l),3.58,1.0,l,3.58,l,All products available for this offer,Any 4 for £6.00
2015-11-19 05:00:07.960027,TESCO,310215,"Lager, 4 bottles, 4.3%-7.5% ABV",Beer - Lager,lager bottles,0.0,FOSTERS 15X440ML,£10.00,10.0,(£1.52/l),1.52,1.0,l,1.52,l,All products available for this offer,Any 2 for £18.00
2015-11-19 05:00:07.961577,TESCO,310215,"Lager, 4 bottles, 4.3%-7.5% ABV",Beer - Lager,lager bottles,0.0,BECKS 20X275ML,£13.00,13.0,(£2.37/l),2.37,1.0,l,2.37,l,,
2015-11-19 05:00:07.963011,TESCO,310215,"Lager, 4 bottles, 4.3%-7.5% ABV",Beer - Lager,lager bottles,0.0,CARLSBERG 4X440ML,£3.50,3.5,(£1.99/l),1.99,1.0,l,1.99,l,,
2015-11-19 05:00:07.964494,TESCO,310215,"Lager, 4 bottles, 4.3%-7.5% ABV",Beer - Lager,lager bottles,0.0,KRONENBOURG 12X440ML,£10.00,10.0,(£1.90/l),1.9,1.0,l,1.9,l,All products available for this offer,Any 2 for £18.00
2015-11-19 05:00:07.965988,TESCO,310215,"Lager, 4 bottles, 4.3%-7.5% ABV",Beer - Lager,lager bottles,0.0,SAN MIGUEL 660ML,£1.25,1.25,(£1.90/l),1.9,1.0,l,1.9,l,,
2015-11-19 05:00:07.967393,TESCO,310215,"Lager, 4 bottles, 4.3%-7.5% ABV",Beer - Lager,lager bottles,0.0,BUDWEISER 18X440ML,£13.00,13.0,(£1.65/l),1.65,1.0,l,1.65,l,SAVE £2.00 Was £15.00 Now £13.00 - all products for this offer,SAVE £2.00 Was £15.00 Now £13.00
2015-11-19 05:00:07.968981,TESCO,310215,"Lager, 4 bottles, 4.3%-7.5% ABV",Beer - Lager,lager bottles,0.0,PERONI NASTRO AZZURRO 12X330ML,£14.00,14.0,(£3.54/l),3.54,1.0,l,3.54,l,SAVE £2.00 Was £16.00 Now £14.00 - all products for this offer,SAVE £2.00 Was £16.00 Now £14.00
2015-11-19 05:00:07.974409,TESCO,310215,"Lager, 4 bottles, 4.3%-7.5% ABV",Beer - Lager,lager bottles,0.5,BECKS BLUE ALCOHOL FREE LAGER 6X275ML,£3.50,3.5,(£2.13/l),2.13,1.0,l,2.13,l,,
2015-11-19 05:00:07.976231,TESCO,310215,"Lager, 4 bottles, 4.3%-7.5% ABV",Beer - Lager,lager bottles,0.0,STELLA ARTOIS 4% 15X440ML,£10.00,10.0,(£1.52/l),1.52,1.0,l,1.52,l,,
2015-11-19 05:00:07.977644,TESCO,310215,"Lager, 4 bottles, 4.3%-7.5% ABV",Beer - Lager,lager bottles,0.0,STELLA ARTOIS 20X284ML,£10.00,10.0,(£1.77/l),1.77,1.0,l,1.77,l,SAVE £1.00 Was £13.00 Now £12.00 - all products for this offer,SAVE £1.00 Was £13.00 Now £12.00
2015-11-19 05:00:07.979130,TESCO,310215,"Lager, 4 bottles, 4.3%-7.5% ABV",Beer - Lager,lager bottles,0.5,CARLING LAGER 15X440ML,£10.00,10.0,(£1.52/l),1.52,1.0,l,1.52,l,All products available for this offer,Any 2 for £18.00
2015-11-19 05:00:07.988824,TESCO,212722,"Grapes, per kg",Grapes,grapes,1.0,TESCO RED SEEDLESS GRAPES 500G,£2.00,2.0,(£4.00/kg),4.0,1.0,kg,4.0,kg,,
2015-11-19 05:00:07.990218,TESCO,212722,"Grapes, per kg",Grapes,grapes,0.0,TESCO SEEDLESS GRAPE SELECTION PACK 500G,£2.00,2.0,(£4.00/kg),4.0,1.0,kg,4.0,kg,,
2015-11-19 05:00:07.991624,TESCO,212722,"Grapes, per kg",Grapes,grapes,1.0,TESCO GREEN SEEDLESS GRAPES PACK 500G,£2.00,2.0,(£4.00/kg),4.0,1.0,kg,4.0,kg,,
2015-11-19 05:00:07.993030,TESCO,212722,"Grapes, per kg",Grapes,grapes,1.0,TESCO EVERYDAY VALUE GREEN/RED GRAPES 500G,£1.25,1.25,(£2.50/kg),2.5,1.0,kg,2.5,kg,,
2015-11-19 05:00:07.995323,TESCO,212722,"Grapes, per kg",Grapes,grapes,1.0,TESCO RED SEEDLESS GRAPES LOOSE,£2.60,2.6,(£4.00/kg),4.0,1.0,kg,4.0,kg,,
2015-11-19 05:00:07.996761,TESCO,212722,"Grapes, per kg",Grapes,grapes,1.0,TESCO GREEN SEEDLESS GRAPES LOOSE,£2.60,2.6,(£4.00/kg),4.0,1.0,kg,4.0,kg,,
2015-11-19 05:00:07.998140,TESCO,212722,"Grapes, per kg",Grapes,grapes,0.0,TESCO FINEST GRAPE 400G,£2.50,2.5,(£6.25/kg),6.25,1.0,kg,6.25,kg,,
2015-11-19 05:00:07.999524,TESCO,212722,"Grapes, per kg",Grapes,grapes,0.0,TESCO GRAPE SNACK PACK 80G,£0.50,0.5,(£6.25/kg),6.25,1.0,kg,6.25,kg,,
2015-11-19 05:00:08.042332,TESCO,310218,"Apple Cider, bottle, 4.5%-5.5% ABV",Cider,apple cider,0.5,STRONGBOW CIDER 20X440ML,£10.00,10.0,(£1.14/l),1.14,1.0,l,1.14,l,All products available for this offer,Only £12.00
2015-11-19 05:00:08.044968,TESCO,310218,"Apple Cider, bottle, 4.5%-5.5% ABV",Cider,apple cider,1.0,CROFTERS APPLE CIDER 5% 2 LITRES,£1.99,1.99,(£1.00/l),1.0,1.0,l,1.0,l,,
2015-11-19 05:00:08.046430,TESCO,310218,"Apple Cider, bottle, 4.5%-5.5% ABV",Cider,apple cider,0.0,ASPALL PREMIER CRU 500ML,£1.99,1.99,(£3.98/l),3.98,1.0,l,3.98,l,All products available for this offer,Any 3 for £5.00
2015-11-19 05:00:08.047914,TESCO,310218,"Apple Cider, bottle, 4.5%-5.5% ABV",Cider,apple cider,0.5,STRONGBOW CIDER 2L,£3.19,3.19,(£1.60/l),1.6,1.0,l,1.6,l,,
2015-11-19 05:00:08.049463,TESCO,310218,"Apple Cider, bottle, 4.5%-5.5% ABV",Cider,apple cider,0.0,KOPPARBERG STRAWBERRY/LIME 500ML,£2.19,2.19,(£4.38/l),4.38,1.0,l,4.38,l,All products available for this offer,Any 3 for £5.00
2015-11-19 05:00:08.051296,TESCO,310218,"Apple Cider, bottle, 4.5%-5.5% ABV",Cider,apple cider,0.0,KOPPARBERG MIXED FRUITS 500ML,£2.19,2.19,(£4.38/l),4.38,1.0,l,4.38,l,All products available for this offer,Any 3 for £5.00
2015-11-19 05:00:08.052841,TESCO,310218,"Apple Cider, bottle, 4.5%-5.5% ABV",Cider,apple cider,0.5,REKORDERLIG STRAWBERRY-LIME CIDER 500ML,£2.19,2.19,(£4.38/l),4.38,1.0,l,4.38,l,All products available for this offer,Any 3 for £5.00
2015-11-19 05:00:08.054333,TESCO,310218,"Apple Cider, bottle, 4.5%-5.5% ABV",Cider,apple cider,0.5,STRONGBOW DARK FRUIT CIDER 10X440ML,£9.00,9.0,(£2.05/l),2.05,1.0,l,2.05,l,,
2015-11-19 05:00:08.056037,TESCO,310218,"Apple Cider, bottle, 4.5%-5.5% ABV",Cider,apple cider,0.0,WESTONS HENRY VINTAGE 500ML,£1.99,1.99,(£3.98/l),3.98,1.0,l,3.98,l,All products available for this offer,Any 3 for £5.00
2015-11-19 05:00:08.057583,TESCO,310218,"Apple Cider, bottle, 4.5%-5.5% ABV",Cider,apple cider,0.5,MAGNERS ORIGINAL CIDER 12X440ML,£9.00,9.0,(£1.71/l),1.71,1.0,l,1.71,l,,
2015-11-19 05:00:08.059018,TESCO,310218,"Apple Cider, bottle, 4.5%-5.5% ABV",Cider,apple cider,1.0,OLD MOUT CIDER PASSION FRUIT AND APPLE 500ML,£2.19,2.19,(£4.38/l),4.38,1.0,l,4.38,l,All products available for this offer,Any 3 for £5.00
2015-11-19 05:00:08.060563,TESCO,310218,"Apple Cider, bottle, 4.5%-5.5% ABV",Cider,apple cider,0.5,OLD MOUT CIDER KIWI AND LIME 500ML,£2.19,2.19,(£4.38/l),4.38,1.0,l,4.38,l,All products available for this offer,Any 3 for £5.00
2015-11-19 05:00:08.062060,TESCO,310218,"Apple Cider, bottle, 4.5%-5.5% ABV",Cider,apple cider,1.0,TESCO APPLE CIDER CAN 4X440ML,£2.30,2.3,(£1.31/l),1.31,1.0,l,1.31,l,,
2015-11-19 05:00:08.063447,TESCO,310218,"Apple Cider, bottle, 4.5%-5.5% ABV",Cider,apple cider,0.0,KOPPARBERG MIXED FRUIT 12X330ML,£12.00,12.0,(£3.04/l),3.04,1.0,l,3.04,l,,
2015-11-19 05:00:08.064918,TESCO,310218,"Apple Cider, bottle, 4.5%-5.5% ABV",Cider,apple cider,0.5,REKORDERLIG WILD BERRIES CIDER 500ML,£2.19,2.19,(£4.38/l),4.38,1.0,l,4.38,l,All products available for this offer,Any 3 for £5.00
2015-11-19 05:00:08.069836,TESCO,310218,"Apple Cider, bottle, 4.5%-5.5% ABV",Cider,apple cider,0.5,KOPPARBERG ALCOHOL FREE PEAR CIDER 500ML,£1.00,1.0,(£2.00/l),2.0,1.0,l,2.0,l,SAVE 29p Was £1.29 Now £1.00 - all products for this offer,SAVE 29p Was £1.29 Now £1.00
2015-11-19 05:00:08.071354,TESCO,310218,"Apple Cider, bottle, 4.5%-5.5% ABV",Cider,apple cider,0.5,STRONGBOW CIDER 4X440ML,£3.75,3.75,(£2.14/l),2.14,1.0,l,2.14,l,,
2015-11-19 05:00:08.072829,TESCO,310218,"Apple Cider, bottle, 4.5%-5.5% ABV",Cider,apple cider,0.0,MAGNERS ORIGINAL 8X500ML,£8.00,8.0,(£2.00/l),2.0,1.0,l,2.0,l,,
2015-11-19 05:00:08.074258,TESCO,310218,"Apple Cider, bottle, 4.5%-5.5% ABV",Cider,apple cider,0.5,REKORDERLIG PASSION FRUIT CIDER 500ML,£2.19,2.19,(£4.38/l),4.38,1.0,l,4.38,l,All products available for this offer,Any 3 for £5.00
2015-11-19 05:00:08.077048,TESCO,310218,"Apple Cider, bottle, 4.5%-5.5% ABV",Cider,apple cider,0.5,TESCO PEAR CIDER 4X440ML,£2.30,2.3,(£1.31/l),1.31,1.0,l,1.31,l,,
2015-11-19 05:00:08.090793,TESCO,212016,"Fresh/Chilled Orange Juice, eg. Tropicana",Chilled Juice,fresh orange juice,0.67,TESCO PURE ORANGE JUICE 1L,£1.00,1.0,(£0.10/100ml),0.1,100,ml,1.0,l,All products available for this offer,Any 4 for £3.50
2015-11-19 05:00:08.092381,TESCO,212016,"Fresh/Chilled Orange Juice, eg. Tropicana",Chilled Juice,fresh orange juice,0.67,TESCO 100% PURE SQUEEZED ORANGE JUICE SMOOTH NO...,£1.40,1.4,(£0.14/100ml),0.14,100,ml,1.4,l,All products available for this offer,Any 3 for £3.50
2015-11-19 05:00:08.098287,TESCO,212016,"Fresh/Chilled Orange Juice, eg. Tropicana",Chilled Juice,fresh orange juice,0.33,TESCO APPLE JUICE 1 LITRE,£1.00,1.0,(£0.10/100ml),0.1,100,ml,1.0,l,All products available for this offer,Any 4 for £3.50
2015-11-19 05:00:08.099943,TESCO,212016,"Fresh/Chilled Orange Juice, eg. Tropicana",Chilled Juice,fresh orange juice,0.33,TESCO EXOTIC JUICE DRINK 1 LITRE,£1.00,1.0,(£0.10/100ml),0.1,100,ml,1.0,l,All products available for this offer,Any 4 for £3.50
2015-11-19 05:00:08.101613,TESCO,212016,"Fresh/Chilled Orange Juice, eg. Tropicana",Chilled Juice,fresh orange juice,0.33,TESCO PRESSED APPLE JUICE NOT FROM CONCENTRATE ...,£1.40,1.4,(£0.14/100ml),0.14,100,ml,1.4,l,All products available for this offer,Any 3 for £3.50
2015-11-19 05:00:08.103135,TESCO,212016,"Fresh/Chilled Orange Juice, eg. Tropicana",Chilled Juice,fresh orange juice,0.67,TROPICANA ORANGE JUICE SMOOTH 1 LITRE,£2.48,2.48,(£0.25/100ml),0.25,100,ml,2.5,l,,
2015-11-19 05:00:08.104615,TESCO,212016,"Fresh/Chilled Orange Juice, eg. Tropicana",Chilled Juice,fresh orange juice,0.33,TESCO PURE PINEAPPLE JUICE 1L,£1.00,1.0,(£0.10/100ml),0.1,100,ml,1.0,l,All products available for this offer,Any 4 for £3.50
2015-11-19 05:00:08.106133,TESCO,212016,"Fresh/Chilled Orange Juice, eg. Tropicana",Chilled Juice,fresh orange juice,0.67,TROPICANA ORANGE JUICE SMOOTH 1.75 LITRE,£3.50,3.5,(£0.20/100ml),0.2,100,ml,2.0,l,,
2015-11-19 05:00:08.107599,TESCO,212016,"Fresh/Chilled Orange Juice, eg. Tropicana",Chilled Juice,fresh orange juice,0.67,TESCO ORANGE JUICE WITH BITS NOT FROM CONCENTRA...,£1.40,1.4,(£0.14/100ml),0.14,100,ml,1.4,l,All products available for this offer,Any 3 for £3.50
2015-11-19 05:00:08.113476,TESCO,212016,"Fresh/Chilled Orange Juice, eg. Tropicana",Chilled Juice,fresh orange juice,0.33,TESCO TROPICAL JUICE DRINK 2L,£1.40,1.4,(£0.07/100ml),0.07,100,ml,0.7,l,,
2015-11-19 05:00:08.114942,TESCO,212016,"Fresh/Chilled Orange Juice, eg. Tropicana",Chilled Juice,fresh orange juice,0.0,TESCO APPLE MANGO PASSION FRUIT AND PEACH JUICE...,£1.40,1.4,(£0.14/100ml),0.14,100,ml,1.4,l,All products available for this offer,Any 3 for £3.50
2015-11-19 05:00:08.116491,TESCO,212016,"Fresh/Chilled Orange Juice, eg. Tropicana",Chilled Juice,fresh orange juice,0.33,TESCO APPLE AND MANGO JUICE NOT FROM CONCENTRAT...,£1.40,1.4,(£0.14/100ml),0.14,100,ml,1.4,l,All products available for this offer,Any 3 for £3.50
2015-11-19 05:00:08.118181,TESCO,212016,"Fresh/Chilled Orange Juice, eg. Tropicana",Chilled Juice,fresh orange juice,0.67,INNOCENT ORANGE JUICE SMOOTH 1.35L,£2.99,2.99,(£0.22/100ml),0.22,100,ml,2.2,l,All products available for this offer,Any 2 for £4.00
2015-11-19 05:00:08.119724,TESCO,212016,"Fresh/Chilled Orange Juice, eg. Tropicana",Chilled Juice,fresh orange juice,0.33,TESCO CRANBERRY AND RASPBERRY JUICE DRINK 1 LIT...,£1.00,1.0,(£0.10/100ml),0.1,100,ml,1.0,l,All products available for this offer,Any 4 for £3.50
2015-11-19 05:00:08.121268,TESCO,212016,"Fresh/Chilled Orange Juice, eg. Tropicana",Chilled Juice,fresh orange juice,0.67,TESCO PURE ORANGE JUICE 2L,£1.78,1.78,(£0.09/100ml),0.09,100,ml,0.9,l,,
2015-11-19 05:00:08.122694,TESCO,212016,"Fresh/Chilled Orange Juice, eg. Tropicana",Chilled Juice,fresh orange juice,0.33,TESCO PINEAPPLE JUICE NOT FROM CONCENTRATE 1 LI...,£1.40,1.4,(£0.14/100ml),0.14,100,ml,1.4,l,All products available for this offer,Any 3 for £3.50
2015-11-19 05:00:08.128951,TESCO,212720,"Strawberries, per kg or per punnet",Berries & Cherries,strawberries,0.0,TESCO BLUEBERRIES 150G,£2.00,2.0,(£13.34/kg),13.34,1.0,kg,13.34,kg,,
2015-11-19 05:00:08.130395,TESCO,212720,"Strawberries, per kg or per punnet",Berries & Cherries,strawberries,0.0,TESCO RASPBERRIES 150G,£2.00,2.0,(£13.34/kg),13.34,1.0,kg,13.34,kg,,
2015-11-19 05:00:08.131835,TESCO,212720,"Strawberries, per kg or per punnet",Berries & Cherries,strawberries,1.0,TESCO STRAWBERRIES 227G,£2.00,2.0,(£8.82/kg),8.82,1.0,kg,8.82,kg,,
2015-11-19 05:00:08.133270,TESCO,212720,"Strawberries, per kg or per punnet",Berries & Cherries,strawberries,1.0,TESCO EVERYDAY VALUE STRAWBERRIES 250G,£1.25,1.25,(£5.00/kg),5.0,1.0,kg,5.0,kg,,
2015-11-19 05:00:08.135738,TESCO,212016,"Fresh/Chilled Orange Juice, eg. Tropicana",Chilled Juice,fresh orange juice,0.67,TESCO PURE ORANGE JUICE WITH BITS 1L,£1.00,1.0,(£0.10/100ml),0.1,100,ml,1.0,l,All products available for this offer,Any 4 for £3.50
2015-11-19 05:00:08.137288,TESCO,212016,"Fresh/Chilled Orange Juice, eg. Tropicana",Chilled Juice,fresh orange juice,0.0,TESCO 100% PURE PRESSED APPLE AND RASPBERRY JUI...,£1.40,1.4,(£0.14/100ml),0.14,100,ml,1.4,l,All products available for this offer,Any 3 for £3.50
2015-11-19 05:00:08.138808,TESCO,212016,"Fresh/Chilled Orange Juice, eg. Tropicana",Chilled Juice,fresh orange juice,0.33,TESCO PURE GRAPEFRUIT JUICE 1 LITRE,£1.00,1.0,(£0.10/100ml),0.1,100,ml,1.0,l,All products available for this offer,Any 4 for £3.50
2015-11-19 05:00:08.140339,TESCO,212016,"Fresh/Chilled Orange Juice, eg. Tropicana",Chilled Juice,fresh orange juice,0.33,TESCO TROPICAL JUICE NOT FROM CONCENTRATE 1 LIT...,£1.40,1.4,(£0.14/100ml),0.14,100,ml,1.4,l,All products available for this offer,Any 3 for £3.50
2015-11-19 05:00:08.144887,TESCO,212720,"Strawberries, per kg or per punnet",Berries & Cherries,strawberries,0.0,TESCO ORGANIC BLUEBERRIES 125G,£2.50,2.5,(£20.00/kg),20.0,1.0,kg,20.0,kg,,
2015-11-19 05:00:08.146469,TESCO,212720,"Strawberries, per kg or per punnet",Berries & Cherries,strawberries,0.0,TESCO BLUEBERRIES 250G (W),£3.00,3.0,(£12.00/kg),12.0,1.0,kg,12.0,kg,,
2015-11-19 05:00:08.147910,TESCO,212720,"Strawberries, per kg or per punnet",Berries & Cherries,strawberries,0.0,TESCO BLACKBERRIES 150G,£2.00,2.0,(£13.34/kg),13.34,1.0,kg,13.34,kg,,
2015-11-19 05:00:08.149445,TESCO,212720,"Strawberries, per kg or per punnet",Berries & Cherries,strawberries,0.0,TESCO ORGANIC RASPBERRIES 125G,£2.50,2.5,(£20.00/kg),20.0,1.0,kg,20.0,kg,,
2015-11-19 05:00:08.151170,TESCO,212720,"Strawberries, per kg or per punnet",Berries & Cherries,strawberries,0.0,TESCO BERRY TRIO 300G,£3.50,3.5,(£11.67/kg),11.67,1.0,kg,11.67,kg,,
2015-11-19 05:00:08.152622,TESCO,212720,"Strawberries, per kg or per punnet",Berries & Cherries,strawberries,0.0,TESCO CHERRIES 200G,£3.00,3.0,(£15.00/kg),15.0,1.0,kg,15.0,kg,,
2015-11-19 05:00:08.154177,TESCO,212720,"Strawberries, per kg or per punnet",Berries & Cherries,strawberries,0.0,TESCO CRANBERRIES 150G,£1.00,1.0,(£6.67/kg),6.67,1.0,kg,6.67,kg,,
2015-11-19 05:00:08.159278,TESCO,212719,"Bananas, per kg",Bananas,bananas,1.0,TESCO BANANAS LOOSE,£0.12,0.12,(£0.68/kg),0.68,1.0,kg,0.68,kg,,
2015-11-19 05:00:08.160763,TESCO,212719,"Bananas, per kg",Bananas,bananas,1.0,TESCO EAT ME BANANAS 5 PACK,£0.80,0.8,(£0.16/each),0.16,1.0,each,0.16,each,,
2015-11-19 05:00:08.162146,TESCO,212719,"Bananas, per kg",Bananas,bananas,1.0,TESCO KEEP ME BANANAS 5 PACK,£0.80,0.8,(£0.16/each),0.16,1.0,each,0.16,each,,
2015-11-19 05:00:08.163550,TESCO,212719,"Bananas, per kg",Bananas,bananas,1.0,TESCO SMALL BANANAS 6 PACK,£0.90,0.9,(£0.15/each),0.15,1.0,each,0.15,each,,
2015-11-19 05:00:08.164976,TESCO,212719,"Bananas, per kg",Bananas,bananas,1.0,TESCO ORGANIC FAIR TRADE BANANAS 6 PACK,£1.39,1.39,(£0.23/each),0.23,1.0,each,0.23,each,,
2015-11-19 05:00:08.169267,TESCO,212719,"Bananas, per kg",Bananas,bananas,1.0,TESCO FAIR TRADE BANANAS 6 PACK,£1.20,1.2,(£0.20/each),0.2,1.0,each,0.2,each,,
2015-11-19 05:00:08.170713,TESCO,212719,"Bananas, per kg",Bananas,bananas,1.0,TESCO ORGANIC GOODNESS BANANAS PACK,£1.39,1.39,(£0.23/each),0.23,1.0,each,0.23,each,,
2015-11-19 05:00:08.228242,TESCO,212717,"Apples, dessert, per kg","Apples, Pears & Rhubarb",apples,0.0,TESCO GALA APPLE MIN 5 PACK 670G,£0.69,0.69,(£1.03/kg),1.03,1.0,kg,1.03,kg,SAVE 81p Was £1.50 Now 69p - all products for this offer,SAVE 81p Was £1.50 Now 69p
2015-11-19 05:00:08.229751,TESCO,212717,"Apples, dessert, per kg","Apples, Pears & Rhubarb",apples,0.0,TESCO SMALL SWEET APPLE 6 PACK 520G,£1.00,1.0,(£1.93/kg),1.93,1.0,kg,1.93,kg,,
2015-11-19 05:00:08.231783,TESCO,212717,"Apples, dessert, per kg","Apples, Pears & Rhubarb",apples,0.0,TESCO CONFERENCE PEARS PACK 610G,£1.50,1.5,(£2.46/kg),2.46,1.0,kg,2.46,kg,,
2015-11-19 05:00:08.233234,TESCO,212717,"Apples, dessert, per kg","Apples, Pears & Rhubarb",apples,0.0,TESCO BRAEBURN APPLE MIN 5 PACK 670G,£1.50,1.5,(£2.24/kg),2.24,1.0,kg,2.24,kg,,
2015-11-19 05:00:08.234627,TESCO,212717,"Apples, dessert, per kg","Apples, Pears & Rhubarb",apples,0.0,TESCO GRANNY SMITH APPLE MIN 5 PACK 670G,£1.50,1.5,(£2.24/kg),2.24,1.0,kg,2.24,kg,,
2015-11-19 05:00:08.236115,TESCO,212717,"Apples, dessert, per kg","Apples, Pears & Rhubarb",apples,0.0,TESCO PINK LADY APPLE MIN 5 PACK 670G,£2.50,2.5,(£3.74/kg),3.74,1.0,kg,3.74,kg,,
2015-11-19 05:00:08.237509,TESCO,212717,"Apples, dessert, per kg","Apples, Pears & Rhubarb",apples,0.0,TESCO CONFERENCE PEARS LOOSE,£0.38,0.38,(£2.00/kg),2.0,1.0,kg,2.0,kg,,
2015-11-19 05:00:08.238897,TESCO,212717,"Apples, dessert, per kg","Apples, Pears & Rhubarb",apples,1.0,TESCO BRAEBURN APPLES LOOSE,£0.32,0.32,(£2.00/kg),2.0,1.0,kg,2.0,kg,,
2015-11-19 05:00:08.240324,TESCO,212717,"Apples, dessert, per kg","Apples, Pears & Rhubarb",apples,0.0,TESCO GOLDEN DELICIOUS APPLE 6 PACK 670G,£1.50,1.5,(£2.24/kg),2.24,1.0,kg,2.24,kg,,
2015-11-19 05:00:08.241717,TESCO,212717,"Apples, dessert, per kg","Apples, Pears & Rhubarb",apples,1.0,TESCO GALA APPLES LOOSE,£0.32,0.32,(£2.00/kg),2.0,1.0,kg,2.0,kg,,
2015-11-19 05:00:08.243184,TESCO,212717,"Apples, dessert, per kg","Apples, Pears & Rhubarb",apples,0.0,TESCO ROCHA PEARS PACK 610G,£1.00,1.0,(£1.64/kg),1.64,1.0,kg,1.64,kg,,
2015-11-19 05:00:08.244671,TESCO,212717,"Apples, dessert, per kg","Apples, Pears & Rhubarb",apples,1.0,TESCO PINK LADY APPLES LOOSE,£0.55,0.55,(£3.25/kg),3.25,1.0,kg,3.25,kg,,
2015-11-19 05:00:08.246069,TESCO,212717,"Apples, dessert, per kg","Apples, Pears & Rhubarb",apples,0.0,TESCO COX APPLE MIN 6 PACK 640G,£1.50,1.5,(£2.35/kg),2.35,1.0,kg,2.35,kg,,
2015-11-19 05:00:08.247459,TESCO,212717,"Apples, dessert, per kg","Apples, Pears & Rhubarb",apples,1.0,TESCO GRANNY SMITH APPLES LOOSE,£0.32,0.32,(£2.00/kg),2.0,1.0,kg,2.0,kg,,
2015-11-19 05:00:08.248919,TESCO,212717,"Apples, dessert, per kg","Apples, Pears & Rhubarb",apples,0.0,TESCO JAZZ APPLE 6 PACK 670G,£2.00,2.0,(£2.99/kg),2.99,1.0,kg,2.99,kg,,
2015-11-19 05:00:08.250846,TESCO,212717,"Apples, dessert, per kg","Apples, Pears & Rhubarb",apples,1.0,TESCO BRAMLEY APPLES LOOSE,£0.40,0.4,(£1.60/kg),1.6,1.0,kg,1.6,kg,,
2015-11-19 05:00:08.252306,TESCO,212717,"Apples, dessert, per kg","Apples, Pears & Rhubarb",apples,1.0,TESCO GOLDEN DELICIOUS APPLES LOOSE,£0.32,0.32,(£2.00/kg),2.0,1.0,kg,2.0,kg,,
2015-11-19 05:00:08.254394,TESCO,212717,"Apples, dessert, per kg","Apples, Pears & Rhubarb",apples,0.0,TESCO RUBENS APPLE 6 PACK 670G,£2.00,2.0,(£2.99/kg),2.99,1.0,kg,2.99,kg,,
2015-11-19 05:00:08.255874,TESCO,212717,"Apples, dessert, per kg","Apples, Pears & Rhubarb",apples,0.0,TESCO BRITISH APPLE 670G,£1.50,1.5,(£2.24/kg),2.24,1.0,kg,2.24,kg,,
2015-11-19 05:00:08.257328,TESCO,212717,"Apples, dessert, per kg","Apples, Pears & Rhubarb",apples,0.0,TESCO PEARS PACK 610G,£1.50,1.5,(£2.46/kg),2.46,1.0,kg,2.46,kg,,
2015-11-19 05:00:08.283049,TESCO,212515,"Fresh Veg, Tomatoes, per kg",Tomatoes,nan,0.0,TESCO CHERRY TOMATOES 330G,£0.90,0.9,(£2.73/kg),2.73,1.0,kg,2.73,kg,,
2015-11-19 05:00:08.284513,TESCO,212515,"Fresh Veg, Tomatoes, per kg",Tomatoes,nan,0.0,TESCO SALAD TOMATOES 360G,£0.69,0.69,(£1.92/kg),1.92,1.0,kg,1.92,kg,,
2015-11-19 05:00:08.285927,TESCO,212515,"Fresh Veg, Tomatoes, per kg",Tomatoes,nan,0.0,TESCO BABY PLUM TOMATOES 325G,£1.00,1.0,(£3.08/kg),3.08,1.0,kg,3.08,kg,,
2015-11-19 05:00:08.287322,TESCO,212515,"Fresh Veg, Tomatoes, per kg",Tomatoes,nan,0.0,TESCO TOMATOES ON THE VINE LOOSE,£0.14,0.14,(£1.99/kg),1.99,1.0,kg,1.99,kg,,
2015-11-19 05:00:08.288758,TESCO,212515,"Fresh Veg, Tomatoes, per kg",Tomatoes,nan,0.0,TESCO TOMATOES ON THE VINE 380G,£1.00,1.0,(£2.64/kg),2.64,1.0,kg,2.64,kg,,
2015-11-19 05:00:08.290140,TESCO,212515,"Fresh Veg, Tomatoes, per kg",Tomatoes,nan,0.0,TESCO FINEST PICCOLO CHERRY TOMATOES 220G,£1.50,1.5,(£6.82/kg),6.82,1.0,kg,6.82,kg,,
2015-11-19 05:00:08.291549,TESCO,212515,"Fresh Veg, Tomatoes, per kg",Tomatoes,nan,0.0,TESCO SWEET VINE RIPENED TOMATOES 230G,£1.00,1.0,(£4.35/kg),4.35,1.0,kg,4.35,kg,,
2015-11-19 05:00:08.292963,TESCO,212515,"Fresh Veg, Tomatoes, per kg",Tomatoes,nan,0.0,TESCO FINEST SUGARDROP TOMATOES 220G,£1.50,1.5,(£6.82/kg),6.82,1.0,kg,6.82,kg,,
2015-11-19 05:00:08.294343,TESCO,212515,"Fresh Veg, Tomatoes, per kg",Tomatoes,nan,0.0,TESCO FINEST TEMPTATION TOMATOES 300G,£1.50,1.5,(£5.00/kg),5.0,1.0,kg,5.0,kg,,
2015-11-19 05:00:08.295936,TESCO,212515,"Fresh Veg, Tomatoes, per kg",Tomatoes,nan,0.0,TESCO SALAD TOMATOES 1KG,£1.60,1.6,(£1.60/kg),1.6,1.0,kg,1.6,kg,,
2015-11-19 05:00:08.297712,TESCO,212515,"Fresh Veg, Tomatoes, per kg",Tomatoes,nan,0.0,TESCO FINEST BABY PLUM TOMATOES 250G,£1.50,1.5,(£6.00/kg),6.0,1.0,kg,6.0,kg,,
2015-11-19 05:00:08.299149,TESCO,212515,"Fresh Veg, Tomatoes, per kg",Tomatoes,nan,0.0,TESCO ORGANIC CHERRY ON THE VINE TOMATOES,£1.70,1.7,(£8.50/kg),8.5,1.0,kg,8.5,kg,,
2015-11-19 05:00:08.301047,TESCO,212515,"Fresh Veg, Tomatoes, per kg",Tomatoes,nan,0.0,TESCO FINEST MINI SAN MARZANO TOMATOES 270G,£1.50,1.5,(£5.56/kg),5.56,1.0,kg,5.56,kg,,
2015-11-19 05:00:08.302453,TESCO,212515,"Fresh Veg, Tomatoes, per kg",Tomatoes,nan,0.0,TESCO FINEST MIXED BABY TOMATOES 250G,£1.50,1.5,(£6.00/kg),6.0,1.0,kg,6.0,kg,,
2015-11-19 05:00:08.303888,TESCO,212515,"Fresh Veg, Tomatoes, per kg",Tomatoes,nan,0.0,TESCO ORGANIC LARGE ON THE VINE TOMATOES 400G,£1.70,1.7,(£4.25/kg),4.25,1.0,kg,4.25,kg,,
2015-11-19 05:00:08.305467,TESCO,212515,"Fresh Veg, Tomatoes, per kg",Tomatoes,nan,0.0,TESCO ORGANIC MINI TOMATINO 225G,£1.00,1.0,(£4.00/kg),4.0,1.0,kg,4.0,kg,,
2015-11-19 05:00:08.306866,TESCO,212515,"Fresh Veg, Tomatoes, per kg",Tomatoes,nan,0.0,TESCO AMBER AND ROSSO TOMATOES ON THE VINE 425G,£2.00,2.0,(£4.71/kg),4.71,1.0,kg,4.71,kg,,
2015-11-19 05:00:08.331981,TESCO,211901,"Tea bags, per packet of 80, 250g",Everyday Tea,80 250g,0.0,TYPHOO 240 TEABAGS 750G,£5.00,5.0,(£0.67/100g),0.67,100,g,6.7,kg,,
2015-11-19 05:00:08.334081,TESCO,211901,"Tea bags, per packet of 80, 250g",Everyday Tea,80 250g,0.5,TWININGS ENGLISH BREAKFAST 100 TEABAGS 250G,£4.49,4.49,(£1.80/100g),1.8,100,g,18.0,kg,,
2015-11-19 05:00:08.335532,TESCO,211901,"Tea bags, per packet of 80, 250g",Everyday Tea,80 250g,0.0,TYPHOO 160 TEABAGS 500G,£3.50,3.5,(£0.70/100g),0.7,100,g,7.0,kg,,
2015-11-19 05:00:08.336971,TESCO,211901,"Tea bags, per packet of 80, 250g",Everyday Tea,80 250g,0.0,TWININGS ENGLISH BREAKFAST 50 TEABAGS 125G,£2.79,2.79,(£2.24/100g),2.24,100,g,22.4,kg,,
2015-11-19 05:00:08.338376,TESCO,211901,"Tea bags, per packet of 80, 250g",Everyday Tea,80 250g,0.0,TETLEY DECAFFEINATED 160 TEABAGS 500G,£4.45,4.45,(£0.89/100g),0.89,100,g,8.9,kg,,
2015-11-19 05:00:08.339832,TESCO,211901,"Tea bags, per packet of 80, 250g",Everyday Tea,80 250g,0.0,TESCO 480 TEABAGS 1.5KG,£5.50,5.5,(£0.37/100g),0.37,100,g,3.7,kg,,
2015-11-19 05:00:08.341257,TESCO,211901,"Tea bags, per packet of 80, 250g",Everyday Tea,80 250g,1.0,CLIPPER FAIR TRADE 80 TEABAG 250G,£2.00,2.0,(£0.80/100g),0.8,100,g,8.0,kg,SAVE 55p Was £2.55 Now £2.00 - all products for this offer,SAVE 55p Was £2.55 Now £2.00
2015-11-19 05:00:08.342736,TESCO,211901,"Tea bags, per packet of 80, 250g",Everyday Tea,80 250g,1.0,YORKSHIRE GOLD 80 TEABAGS 250G,£2.50,2.5,(£1.00/100g),1.0,100,g,10.0,kg,SAVE 50p Was £3.00 Now £2.50 - all products for this offer,SAVE 50p Was £3.00 Now £2.50
2015-11-19 05:00:08.344284,TESCO,211901,"Tea bags, per packet of 80, 250g",Everyday Tea,80 250g,0.0,YORKSHIRE TEABAGS 40S 125G,£1.38,1.38,(£1.11/100g),1.11,100,g,11.1,kg,,
2015-11-19 05:00:08.345709,TESCO,211901,"Tea bags, per packet of 80, 250g",Everyday Tea,80 250g,1.0,YORKSHIRE DECAFFEINATED 80 TEABAGS 250G,£2.00,2.0,(£0.80/100g),0.8,100,g,8.0,kg,SAVE 98p Was £2.98 Now £2.00 - all products for this offer,SAVE 98p Was £2.98 Now £2.00
2015-11-19 05:00:08.347195,TESCO,211901,"Tea bags, per packet of 80, 250g",Everyday Tea,80 250g,1.0,CLIPPER ORGANIC 80 TEABAGS 250G,£2.60,2.6,(£1.04/100g),1.04,100,g,10.4,kg,,
2015-11-19 05:00:08.348647,TESCO,211901,"Tea bags, per packet of 80, 250g",Everyday Tea,80 250g,0.0,PG TIPS DECAFFEINATED 160S PYRAMID TEABAGS 500G,£3.00,3.0,(£0.60/100g),0.6,100,g,6.0,kg,SAVE £1.76 Was £4.76 Now £3.00 - all products for this offer,SAVE £1.76 Was £4.76 Now £3.00
2015-11-19 05:00:08.350258,TESCO,211901,"Tea bags, per packet of 80, 250g",Everyday Tea,80 250g,0.5,TESCO PREMIUM LEAF TEA 250G,£1.20,1.2,(£0.48/100g),0.48,100,g,4.8,kg,,
2015-11-19 05:00:08.351737,TESCO,211901,"Tea bags, per packet of 80, 250g",Everyday Tea,80 250g,0.0,YORKSHIRE DECAFFEINATED TEABAGS 160S 500G,£4.99,4.99,(£1.00/100g),1.0,100,g,10.0,kg,,
2015-11-19 05:00:08.353211,TESCO,211901,"Tea bags, per packet of 80, 250g",Everyday Tea,80 250g,1.0,TYPHOO DECAFFEINATED 80 TEABAGS 250G,£1.99,1.99,(£0.80/100g),0.8,100,g,8.0,kg,All products available for this offer,Any 2 for £3.00
2015-11-19 05:00:08.354733,TESCO,211901,"Tea bags, per packet of 80, 250g",Everyday Tea,80 250g,1.0,YORKSHIRE HARD WATER 80 TEABAGS 250G,£2.00,2.0,(£0.80/100g),0.8,100,g,8.0,kg,SAVE 34p Was £2.34 Now £2.00 - all products for this offer,SAVE 34p Was £2.34 Now £2.00
2015-11-19 05:00:08.356279,TESCO,211901,"Tea bags, per packet of 80, 250g",Everyday Tea,80 250g,0.0,TWININGS EVERYDAY 100 TEA BAGS 290G,£4.49,4.49,(£1.55/100g),1.55,100,g,15.5,kg,,
2015-11-19 05:00:08.357686,TESCO,211901,"Tea bags, per packet of 80, 250g",Everyday Tea,80 250g,0.5,TESCO FINEST ASSAMS 100 TEABAGS 250G,£2.39,2.39,(£0.96/100g),0.96,100,g,9.6,kg,,
2015-11-19 05:00:08.359098,TESCO,211901,"Tea bags, per packet of 80, 250g",Everyday Tea,80 250g,0.0,TESCO FINEST ENGLISH BREAKFAST 100 TEA BAGS 250...,£2.39,2.39,(£0.96/100g),0.96,100,g,9.6,kg,,
2015-11-19 05:00:08.360556,TESCO,211901,"Tea bags, per packet of 80, 250g",Everyday Tea,80 250g,0.0,TWININGS EVERYDAY 50 TEA BAGS 145G,£2.69,2.69,(£1.86/100g),1.86,100,g,18.6,kg,,
2015-11-19 05:00:08.437714,TESCO,212519,"Fresh Veg, Onions, per kg",Onions & Shallots,onions,1.0,LOOSE BROWN ONIONS,£0.15,0.15,(£0.70/kg),0.7,1.0,kg,0.7,kg,,
2015-11-19 05:00:08.439208,TESCO,212519,"Fresh Veg, Onions, per kg",Onions & Shallots,onions,1.0,TESCO BUNCHED SPRING ONIONS 100G,£0.49,0.49,(£4.90/kg),4.9,1.0,kg,4.9,kg,,
2015-11-19 05:00:08.440792,TESCO,212519,"Fresh Veg, Onions, per kg",Onions & Shallots,onions,1.0,TESCO RED ONIONS LOOSE,£0.16,0.16,(£0.75/kg),0.75,1.0,kg,0.75,kg,,
2015-11-19 05:00:08.442220,TESCO,212519,"Fresh Veg, Onions, per kg",Onions & Shallots,onions,1.0,TESCO BROWN ONIONS 3 PACK MIN 485G,£0.70,0.7,(£1.45/kg),1.45,1.0,kg,1.45,kg,,
2015-11-19 05:00:08.443640,TESCO,212519,"Fresh Veg, Onions, per kg",Onions & Shallots,onions,1.0,TESCO BROWN ONIONS 1KG,£0.70,0.7,(£0.70/kg),0.7,1.0,kg,0.7,kg,,
2015-11-19 05:00:08.445091,TESCO,212519,"Fresh Veg, Onions, per kg",Onions & Shallots,onions,1.0,TESCO RED ONIONS 3PACK MIN 385G,£0.75,0.75,(£1.95/kg),1.95,1.0,kg,1.95,kg,,
2015-11-19 05:00:08.446474,TESCO,212519,"Fresh Veg, Onions, per kg",Onions & Shallots,onions,1.0,TESCO RED ONIONS 1KG,£0.75,0.75,(£0.75/kg),0.75,1.0,kg,0.75,kg,,
2015-11-19 05:00:08.447893,TESCO,212519,"Fresh Veg, Onions, per kg",Onions & Shallots,onions,1.0,TESCO EVERYDAY VALUE ONIONS 1KG,£0.60,0.6,(£0.60/kg),0.6,1.0,kg,0.6,kg,,
2015-11-19 05:00:08.449403,TESCO,212519,"Fresh Veg, Onions, per kg",Onions & Shallots,onions,1.0,SHALLOTS ONIONS 400G,£1.00,1.0,(£2.50/kg),2.5,1.0,kg,2.5,kg,,
2015-11-19 05:00:08.454589,TESCO,212519,"Fresh Veg, Onions, per kg",Onions & Shallots,onions,0.0,TESCO DICED ONION 450G,£1.00,1.0,(£2.23/kg),2.23,1.0,kg,2.23,kg,Any 3 for 2 Cheapest Product FREE - all products for this offer,Any 3 for 2 Cheapest Product FREE
2015-11-19 05:00:08.456145,TESCO,212519,"Fresh Veg, Onions, per kg",Onions & Shallots,onions,1.0,TESCO JUMBO SPRING ONIONS 130G,£1.00,1.0,(£7.70/kg),7.7,1.0,kg,7.7,kg,,
2015-11-19 05:00:08.457539,TESCO,212519,"Fresh Veg, Onions, per kg",Onions & Shallots,onions,1.0,TESCO ORGANIC BROWN ONIONS 750G,£1.00,1.0,(£1.34/kg),1.34,1.0,kg,1.34,kg,,
2015-11-19 05:00:08.458936,TESCO,212519,"Fresh Veg, Onions, per kg",Onions & Shallots,onions,0.0,TESCO FINEST ECHALION SHALLOTS 400G,£1.50,1.5,(£3.75/kg),3.75,1.0,kg,3.75,kg,,
2015-11-19 05:00:08.460399,TESCO,212519,"Fresh Veg, Onions, per kg",Onions & Shallots,onions,1.0,TESCO ORGANIC RED ONIONS,£1.00,1.0,(£1.87/kg),1.87,1.0,kg,1.87,kg,,
2015-11-19 05:00:08.461792,TESCO,212519,"Fresh Veg, Onions, per kg",Onions & Shallots,onions,0.0,TESCO MICRO CHOPPED SHALLOT AND RED ONION 180G,£1.50,1.5,(£8.34/kg),8.34,1.0,kg,8.34,kg,Any 3 for 2 Cheapest Product FREE - all products for this offer,Any 3 for 2 Cheapest Product FREE
2015-11-19 05:00:08.463329,TESCO,212519,"Fresh Veg, Onions, per kg",Onions & Shallots,onions,1.0,TESCO ROSANNA ONIONS 1KG,£1.00,1.0,(£1.00/kg),1.0,1.0,kg,1.0,kg,,
2015-11-19 05:00:08.466023,TESCO,212519,"Fresh Veg, Onions, per kg",Onions & Shallots,onions,1.0,COOKING ONIONS BROWN ONIONS 2.5KG,£1.95,1.95,(£0.78/kg),0.78,1.0,kg,0.78,kg,,
2015-11-19 05:00:08.467487,TESCO,212519,"Fresh Veg, Onions, per kg",Onions & Shallots,onions,0.0,TESCO FINEST SWEET ONION 3 PACK MIN 385G,£1.50,1.5,(£3.90/kg),3.9,1.0,kg,3.9,kg,,
2015-11-19 05:00:08.468945,TESCO,212519,"Fresh Veg, Onions, per kg",Onions & Shallots,onions,1.0,TESCO RED ONIONS 750G (C),£0.70,0.7,(£0.93/kg),0.93,1.0,kg,0.93,kg,,
2015-11-19 05:00:08.480791,TESCO,212360,"Potatoes, old, white     ",Potatoes,old white potatoes,0.33,TESCO MARIS PIPER POTATOES 2.5KG,£2.00,2.0,(£0.80/kg),0.8,1.0,kg,0.8,kg,,
2015-11-19 05:00:08.482230,TESCO,212360,"Potatoes, old, white     ",Potatoes,old white potatoes,0.67,TESCO WHITE POTATOES 2.5KG,£1.75,1.75,(£0.70/kg),0.7,1.0,kg,0.7,kg,,
2015-11-19 05:00:08.485021,TESCO,212360,"Potatoes, old, white     ",Potatoes,old white potatoes,0.33,TESCO BAKING POTATOES LOOSE,£0.30,0.3,(£1.00/kg),1.0,1.0,kg,1.0,kg,,
2015-11-19 05:00:08.486477,TESCO,212360,"Potatoes, old, white     ",Potatoes,old white potatoes,0.33,TESCO BAKING POTATOES 2.5KG,£1.00,1.0,(£0.40/kg),0.4,1.0,kg,0.4,kg,SAVE £1.00 Was £2.00 Now £1.00 - all products for this offer,SAVE £1.00 Was £2.00 Now £1.00
2015-11-19 05:00:08.488109,TESCO,212360,"Potatoes, old, white     ",Potatoes,old white potatoes,0.33,TESCO CHARLOTTE POTATOES 1KG,£1.00,1.0,(£1.00/kg),1.0,1.0,kg,1.0,kg,,
2015-11-19 05:00:08.489513,TESCO,212360,"Potatoes, old, white     ",Potatoes,old white potatoes,0.33,TESCO SWEET POTATOES LOOSE,£0.42,0.42,(£1.20/kg),1.2,1.0,kg,1.2,kg,,
2015-11-19 05:00:08.490913,TESCO,212360,"Potatoes, old, white     ",Potatoes,old white potatoes,0.33,TESCO BABY POTATOES 1KG,£1.00,1.0,(£1.00/kg),1.0,1.0,kg,1.0,kg,,
2015-11-19 05:00:08.492356,TESCO,212360,"Potatoes, old, white     ",Potatoes,old white potatoes,0.33,TESCO FINEST JACKET POTATOES,£1.50,1.5,(£0.38/each),0.38,1.0,each,0.38,each,,
2015-11-19 05:00:08.494270,TESCO,212360,"Potatoes, old, white     ",Potatoes,old white potatoes,0.33,TESCO FINEST BABY POTATOES 750G,£1.75,1.75,(£2.34/kg),2.34,1.0,kg,2.34,kg,,
2015-11-19 05:00:08.499339,TESCO,212360,"Potatoes, old, white     ",Potatoes,old white potatoes,0.33,GREENVALE POTATOES 2KG,£2.20,2.2,(£1.10/kg),1.1,1.0,kg,1.1,kg,,
2015-11-19 05:00:08.501016,TESCO,212360,"Potatoes, old, white     ",Potatoes,old white potatoes,0.33,TESCO MINIATURE NEW POTATOES 750G,£1.00,1.0,(£1.34/kg),1.34,1.0,kg,1.34,kg,,
2015-11-19 05:00:08.502434,TESCO,212360,"Potatoes, old, white     ",Potatoes,old white potatoes,0.0,TESCO MARIS PIPER MASHED POTATO 425G,£1.00,1.0,(£2.36/kg),2.36,1.0,kg,2.36,kg,Any 3 for 2 Cheapest Product FREE - all products for this offer,Any 3 for 2 Cheapest Product FREE
2015-11-19 05:00:08.503933,TESCO,212360,"Potatoes, old, white     ",Potatoes,old white potatoes,0.33,TESCO SWEET POTATOES 1KG,£1.25,1.25,(£1.25/kg),1.25,1.0,kg,1.25,kg,,
2015-11-19 05:00:08.505365,TESCO,212360,"Potatoes, old, white     ",Potatoes,old white potatoes,0.33,TESCO DESIREE POTATOES 1.75KG,£1.50,1.5,(£0.86/kg),0.86,1.0,kg,0.86,kg,,
2015-11-19 05:00:08.506774,TESCO,212360,"Potatoes, old, white     ",Potatoes,old white potatoes,0.0,TESCO BAKING SWEET POTATO 725G,£1.25,1.25,(£0.17/100g),0.17,100,g,1.7,kg,,
2015-11-19 05:00:08.508267,TESCO,212360,"Potatoes, old, white     ",Potatoes,old white potatoes,0.33,TESCO BABY POTATOES WITH HERB BUTTER 360G,£1.00,1.0,(£2.78/kg),2.78,1.0,kg,2.78,kg,Any 3 for 2 Cheapest Product FREE - all products for this offer,Any 3 for 2 Cheapest Product FREE
2015-11-19 05:00:08.510957,TESCO,212360,"Potatoes, old, white     ",Potatoes,old white potatoes,0.0,TESCO CRISPY SLICES 350G,£1.50,1.5,(£4.29/kg),4.29,1.0,kg,4.29,kg,Any 3 for 2 Cheapest Product FREE - all products for this offer,Any 3 for 2 Cheapest Product FREE
2015-11-19 05:00:08.512552,TESCO,212360,"Potatoes, old, white     ",Potatoes,old white potatoes,0.33,TESCO EXQUISA POTATOES 750G,£0.69,0.69,(£0.92/kg),0.92,1.0,kg,0.92,kg,SAVE 81p Was £1.50 Now 69p - all products for this offer,SAVE 81p Was £1.50 Now 69p
2015-11-19 05:00:08.514045,TESCO,212360,"Potatoes, old, white     ",Potatoes,old white potatoes,0.0,TESCO ROOT VEGETABLE MASH 425G,£1.00,1.0,(£2.36/kg),2.36,1.0,kg,2.36,kg,Any 3 for 2 Cheapest Product FREE - all products for this offer,Any 3 for 2 Cheapest Product FREE
2015-11-19 05:00:08.515539,TESCO,212360,"Potatoes, old, white     ",Potatoes,old white potatoes,0.33,TESCO ORGANIC SWEET POTATOES 750G,£2.00,2.0,(£2.67/kg),2.67,1.0,kg,2.67,kg,,
2015-11-19 05:00:08.526943,TESCO,310421,"Red Wine, European, bottle",Red Wine,red wine,0.0,VINEYARDS AUSTRALIAN SHIRAZ 75CL,£4.00,4.0,(£4.00/75cl),4.0,75,cl,5.3333,l,,
2015-11-19 05:00:08.528411,TESCO,310421,"Red Wine, European, bottle",Red Wine,red wine,0.0,LIONS GATE CABERNET SAUVIGNON SHIRAZ 75CL,£5.00,5.0,(£5.00/75cl),5.0,75,cl,6.6667,l,,
2015-11-19 05:00:08.529806,TESCO,310421,"Red Wine, European, bottle",Red Wine,red wine,0.0,TELEGRAPH STATION PINOT NOIR 75CL,£5.50,5.5,(£5.50/75cl),5.5,75,cl,7.3333,l,,
2015-11-19 05:00:08.531852,TESCO,310421,"Red Wine, European, bottle",Red Wine,red wine,0.0,VINEYARDS AUSTRALIAN MERLOT 75CL,£4.00,4.0,(£4.00/75cl),4.0,75,cl,5.3333,l,,
2015-11-19 05:00:08.533356,TESCO,310421,"Red Wine, European, bottle",Red Wine,red wine,0.0,KUMALA ETERNAL MERLOT SHIRAZ CABERNET 75CL,£5.00,5.0,(£5.00/75cl),5.0,75,cl,6.6667,l,,
2015-11-19 05:00:08.534747,TESCO,310421,"Red Wine, European, bottle",Red Wine,red wine,0.0,CASTILLO SAN LORENZO RESERVA 75CL,£6.50,6.5,(£6.50/75cl),6.5,75,cl,8.6667,l,,
2015-11-19 05:00:08.536196,TESCO,310421,"Red Wine, European, bottle",Red Wine,red wine,0.0,WOLF BLASS YELLOW LABEL CABERNET SAUVIGNON 75CL,£7.00,7.0,(£7.00/75cl),7.0,75,cl,9.3333,l,All products available for this offer,Only £7.00
2015-11-19 05:00:08.537689,TESCO,310421,"Red Wine, European, bottle",Red Wine,red wine,0.0,SIMPLY CLARET 75CL,£4.15,4.15,(£4.15/75cl),4.15,75,cl,5.5333,l,,
2015-11-19 05:00:08.539260,TESCO,310421,"Red Wine, European, bottle",Red Wine,red wine,0.0,LOUIS DE CAMPONAC CABERNET SAUVIGNON 75CL,£5.00,5.0,(£5.00/75cl),5.0,75,cl,6.6667,l,,
2015-11-19 05:00:08.540721,TESCO,310421,"Red Wine, European, bottle",Red Wine,red wine,0.0,VINEYARDS CHILE MERLOT 75CL,£4.00,4.0,(£4.00/75cl),4.0,75,cl,5.3333,l,,
2015-11-19 05:00:08.542801,TESCO,310421,"Red Wine, European, bottle",Red Wine,red wine,0.0,DINO SANGIOVESE 75CL,£5.00,5.0,(£5.00/75cl),5.0,75,cl,6.6667,l,,
2015-11-19 05:00:08.544322,TESCO,310421,"Red Wine, European, bottle",Red Wine,red wine,0.0,CAMPO VIEJO RIOJA RESERVA 75CL,£8.00,8.0,(£8.00/75cl),8.0,75,cl,10.6667,l,SAVE £2.80 Was £10.80 Now £8.00 - all products for this offer,SAVE £2.80 Was £10.80 Now £8.00
2015-11-19 05:00:08.545811,TESCO,310421,"Red Wine, European, bottle",Red Wine,red wine,0.0,TESCO VALPOLICELLA 75CL,£5.50,5.5,(£5.50/75cl),5.5,75,cl,7.3333,l,,
2015-11-19 05:00:08.547231,TESCO,310421,"Red Wine, European, bottle",Red Wine,red wine,0.5,TESCO SOUTH AFRICAN RED 75CL,£3.50,3.5,(£3.50/75cl),3.5,75,cl,4.6667,l,,
2015-11-19 05:00:08.548702,TESCO,310421,"Red Wine, European, bottle",Red Wine,red wine,0.0,YELLOW TAIL MERLOT 75CL,£6.25,6.25,(£6.25/75cl),6.25,75,cl,8.3333,l,,
2015-11-19 05:00:08.550672,TESCO,310421,"Red Wine, European, bottle",Red Wine,red wine,0.0,MARQUES D CARANO GRAN RESERVA 75CL,£5.00,5.0,(£5.00/75cl),5.0,75,cl,6.6667,l,,
2015-11-19 05:00:08.552111,TESCO,310421,"Red Wine, European, bottle",Red Wine,red wine,0.0,PICCINI MEMORO 75CL,£8.00,8.0,(£8.00/75cl),8.0,75,cl,10.6667,l,,
2015-11-19 05:00:08.553646,TESCO,310421,"Red Wine, European, bottle",Red Wine,red wine,0.0,VIA DI CAVALLO CHIANTI 75CL,£5.50,5.5,(£5.50/75cl),5.5,75,cl,7.3333,l,,
2015-11-19 05:00:08.555134,TESCO,310421,"Red Wine, European, bottle",Red Wine,red wine,0.0,SIMPLY CHIANTI 75CL,£4.90,4.9,(£4.90/75cl),4.9,75,cl,6.5333,l,,
2015-11-19 05:00:08.572013,TESCO,212017,Fizzy bottled drink,Fizzy Drinks,bottle,0.0,TESCO NO ADDED SUGAR DANDELION AND BURDOCK 2L,£0.55,0.55,(£0.03/100ml),0.03,100,ml,0.3,l,All products available for this offer,Any 2 for 90p
2015-11-19 05:00:08.573529,TESCO,212017,Fizzy bottled drink,Fizzy Drinks,bottle,1.0,SCHWEPPES DIET LEMONADE 2 LITRE BOTTLE,£1.29,1.29,(£0.07/100ml),0.07,100,ml,0.7,l,,
2015-11-19 05:00:08.576921,TESCO,212017,Fizzy bottled drink,Fizzy Drinks,bottle,0.0,TESCO DIET CLOUDY LEMONADE 4 X 330ML,£0.99,0.99,(£0.08/100ml),0.08,100,ml,0.8,l,All products available for this offer,Any 2 for £1.50
2015-11-19 05:00:08.578411,TESCO,212017,Fizzy bottled drink,Fizzy Drinks,bottle,0.0,TESCO FIZZIO ZERO 2 LITRE,£0.55,0.55,(£0.03/100ml),0.03,100,ml,0.3,l,All products available for this offer,Any 2 for 90p
2015-11-19 05:00:08.579949,TESCO,212017,Fizzy bottled drink,Fizzy Drinks,bottle,0.0,TESCO NO ADDED SUGAR SMOOTH CREAM SODA 2 LITRE,£0.55,0.55,(£0.03/100ml),0.03,100,ml,0.3,l,All products available for this offer,Any 2 for 90p
2015-11-19 05:00:08.581432,TESCO,212017,Fizzy bottled drink,Fizzy Drinks,bottle,0.0,SPRITE ZERO 2L,£1.85,1.85,(£0.09/100ml),0.09,100,ml,0.9,l,All products available for this offer,Any 2 for £2.00
2015-11-19 05:00:08.582876,TESCO,212017,Fizzy bottled drink,Fizzy Drinks,bottle,1.0,TESCO SUGAR FREE ORANGEADE 2 LITRE BOTTLE,£0.55,0.55,(£0.03/100ml),0.03,100,ml,0.3,l,All products available for this offer,Any 2 for 90p
2015-11-19 05:00:08.584370,TESCO,212017,Fizzy bottled drink,Fizzy Drinks,bottle,1.0,VIMTO REGULAR 2 LITRE BOTTLE,£1.00,1.0,(£0.05/100ml),0.05,100,ml,0.5,l,SAVE 70p Was £1.70 Now £1.00 - all products for this offer,SAVE 70p Was £1.70 Now £1.00
2015-11-19 05:00:08.585822,TESCO,212017,Fizzy bottled drink,Fizzy Drinks,bottle,0.0,TESCO NO ADDED SUGAR FIERY GINGER BEER 2 LITRE ...,£0.55,0.55,(£0.03/100ml),0.03,100,ml,0.3,l,All products available for this offer,Any 2 for 90p
2015-11-19 05:00:08.590686,TESCO,212017,Fizzy bottled drink,Fizzy Drinks,bottle,1.0,SPRITE REGULAR 2 LITRE BOTTLE,£1.85,1.85,(£0.09/100ml),0.09,100,ml,0.9,l,All products available for this offer,Any 2 for £2.00
2015-11-19 05:00:08.592255,TESCO,212017,Fizzy bottled drink,Fizzy Drinks,bottle,0.0,FANTA ORANGE Z 6 X 330 ML PACK,£3.55,3.55,(£0.18/100ml),0.18,100,ml,1.8,l,,
2015-11-19 05:00:08.593654,TESCO,212017,Fizzy bottled drink,Fizzy Drinks,bottle,0.0,7UP REGULAR 6 X 330 ML PACK,£3.19,3.19,(£0.12/100ml),0.12,100,ml,1.2,l,,
2015-11-19 05:00:08.595041,TESCO,212017,Fizzy bottled drink,Fizzy Drinks,bottle,0.0,FANTA ORANGE 6 X 330 ML PACK,£3.55,3.55,(£0.18/100ml),0.18,100,ml,1.8,l,,
2015-11-19 05:00:08.596464,TESCO,212017,Fizzy bottled drink,Fizzy Drinks,bottle,0.0,TANGO ORANGE 6 X 330 ML PACK,£3.19,3.19,(£0.16/100ml),0.16,100,ml,1.6,l,,
2015-11-19 05:00:08.597843,TESCO,212017,Fizzy bottled drink,Fizzy Drinks,bottle,0.0,TESCO NO ADDED SUGAR GINGER BEER 4 X 330ML,£0.99,0.99,(£0.08/100ml),0.08,100,ml,0.8,l,All products available for this offer,Any 2 for £1.50
2015-11-19 05:00:08.599309,TESCO,212017,Fizzy bottled drink,Fizzy Drinks,bottle,0.0,SPRITE ZERO 6X330 ML PACK,£3.19,3.19,(£0.16/100ml),0.16,100,ml,1.6,l,,
2015-11-19 05:00:08.602520,TESCO,212017,Fizzy bottled drink,Fizzy Drinks,bottle,0.0,TESCO DIET LEMONADE 4X330ML,£0.99,0.99,(£0.08/100ml),0.08,100,ml,0.8,l,All products available for this offer,Any 2 for £1.50
2015-11-19 05:00:08.604092,TESCO,212017,Fizzy bottled drink,Fizzy Drinks,bottle,1.0,BARR SUGAR FREE IRN BRU 2 LITRE BOTTLE,£1.70,1.7,(£0.09/100ml),0.09,100,ml,0.9,l,All products available for this offer,Any 2 for £2.00
2015-11-19 05:00:08.605575,TESCO,212017,Fizzy bottled drink,Fizzy Drinks,bottle,0.0,TESCO NO ADDED SUGAR CREAM SODA 4 X 330ML,£0.99,0.99,(£0.08/100ml),0.08,100,ml,0.8,l,All products available for this offer,Any 2 for £1.50
2015-11-19 05:00:08.607101,TESCO,212017,Fizzy bottled drink,Fizzy Drinks,bottle,1.0,DR PEPPER ZERO 2 LITRE BOTTLE,£1.85,1.85,(£0.09/100ml),0.09,100,ml,0.9,l,All products available for this offer,Any 2 for £2.00
2015-11-19 05:00:08.618654,TESCO,310419,"White Wine, European, bottle",White Wine,white wine,0.5,TESCO AUSTRALIAN WHITE 75CL,£3.75,3.75,(£3.75/75cl),3.75,75,cl,5.0,l,,
2015-11-19 05:00:08.620150,TESCO,310419,"White Wine, European, bottle",White Wine,white wine,0.0,LA PIAZZA GARGANEGA PINOT GRIGIO 75CL,£6.50,6.5,(£6.50/75cl),6.5,75,cl,8.6667,l,,
2015-11-19 05:00:08.621573,TESCO,310419,"White Wine, European, bottle",White Wine,white wine,0.0,LINOTI PINOT GRIGIO 75CL,£5.00,5.0,(£5.00/75cl),5.0,75,cl,6.6667,l,,
2015-11-19 05:00:08.624399,TESCO,310419,"White Wine, European, bottle",White Wine,white wine,0.0,OXFORD LANDING SAUVIGNON BLANC 75 CL,£5.00,5.0,(£5.00/75cl),5.0,75,cl,6.6667,l,SAVE £2.00 Was £7.00 Now £5.00 - all products for this offer,SAVE £2.00 Was £7.00 Now £5.00
2015-11-19 05:00:08.626271,TESCO,310419,"White Wine, European, bottle",White Wine,white wine,0.0,BRANCOTT ESTATE SAUVIGNON BLANC 75CL,£7.00,7.0,(£7.00/75cl),7.0,75,cl,9.3333,l,SAVE £2.00 Was £9.00 Now £7.00 - all products for this offer,SAVE £2.00 Was £9.00 Now £7.00
2015-11-19 05:00:08.627855,TESCO,310419,"White Wine, European, bottle",White Wine,white wine,0.0,VINEYARDS AUSTRALIAN CHARDONNAY 75CL,£4.00,4.0,(£4.00/75cl),4.0,75,cl,5.3333,l,,
2015-11-19 05:00:08.629277,TESCO,310419,"White Wine, European, bottle",White Wine,white wine,0.0,CASILLERO DEL DIABLO CHARDONNAY 75CL,£8.00,8.0,(£8.00/75cl),8.0,75,cl,10.6667,l,,
2015-11-19 05:00:08.630668,TESCO,310419,"White Wine, European, bottle",White Wine,white wine,0.0,FERN BAY NEW ZEALAND SAUVIGNON BLANC 75CL,£5.80,5.8,(£5.80/75cl),5.8,75,cl,7.7333,l,,
2015-11-19 05:00:08.632131,TESCO,310419,"White Wine, European, bottle",White Wine,white wine,0.5,BLOSSOM HILL CALIFORNIAN WHITE 75CL,£4.90,4.9,(£4.90/75cl),4.9,75,cl,6.5333,l,,
2015-11-19 05:00:08.633540,TESCO,310419,"White Wine, European, bottle",White Wine,white wine,0.0,TORRES VINA SOL 75CL,£5.00,5.0,(£5.00/75cl),5.0,75,cl,6.6667,l,SAVE £2.00 Was £7.00 Now £5.00 - all products for this offer,SAVE £2.00 Was £7.00 Now £5.00
2015-11-19 05:00:08.638425,TESCO,310419,"White Wine, European, bottle",White Wine,white wine,0.0,HARDY'S STAMP SEMILLON CHARDONNAY 75CL,£6.00,6.0,(£6.00/75cl),6.0,75,cl,8.0,l,,
2015-11-19 05:00:08.639885,TESCO,310419,"White Wine, European, bottle",White Wine,white wine,0.0,BAREFOOT PINOT GRIGIO 75CL,£5.00,5.0,(£5.00/75cl),5.0,75,cl,6.6667,l,SAVE £2.00 Was £7.00 Now £5.00 - all products for this offer,SAVE £2.00 Was £7.00 Now £5.00
2015-11-19 05:00:08.641380,TESCO,310419,"White Wine, European, bottle",White Wine,white wine,0.0,TESCO FINEST PINOT GRIGIO 75CL,£6.00,6.0,(£6.00/75cl),6.0,75,cl,8.0,l,,
2015-11-19 05:00:08.642828,TESCO,310419,"White Wine, European, bottle",White Wine,white wine,0.0,BANROCK STATION SAUVIGNON BLANC 75CL,£5.00,5.0,(£5.00/75cl),5.0,75,cl,6.6667,l,,
2015-11-19 05:00:08.644299,TESCO,310419,"White Wine, European, bottle",White Wine,white wine,0.0,CASA ROSCOLI GARGANEGA PINOT GRIGIO 75CL,£5.00,5.0,(£5.00/75cl),5.0,75,cl,6.6667,l,,
2015-11-19 05:00:08.645709,TESCO,310419,"White Wine, European, bottle",White Wine,white wine,0.0,LIONS GATE SAUVIGNON SEMILLON 75CL,£5.00,5.0,(£5.00/75cl),5.0,75,cl,6.6667,l,,
2015-11-19 05:00:08.647139,TESCO,310419,"White Wine, European, bottle",White Wine,white wine,0.0,BLAXLAND ESTATE CHARDONNAY 75CL,£4.70,4.7,(£4.70/75cl),4.7,75,cl,6.2667,l,,
2015-11-19 05:00:08.650928,TESCO,310419,"White Wine, European, bottle",White Wine,white wine,0.5,TESCO SOUTH AFRICAN WHITE 75CL,£3.50,3.5,(£3.50/75cl),3.5,75,cl,4.6667,l,,
2015-11-19 05:00:08.652455,TESCO,310419,"White Wine, European, bottle",White Wine,white wine,0.5,BLACK TOWER FRUITY WHITE 75CL,£5.00,5.0,(£5.00/75cl),5.0,75,cl,6.6667,l,,
2015-11-19 05:00:08.653911,TESCO,310419,"White Wine, European, bottle",White Wine,white wine,0.0,HARDY'S STAMP SEMILLON SAUVIGNON 75CL,£5.00,5.0,(£5.00/75cl),5.0,75,cl,6.6667,l,SAVE £1.00 Was £6.00 Now £5.00 - all products for this offer,SAVE £1.00 Was £6.00 Now £5.00
2015-11-19 05:00:08.665724,TESCO,212011,"Cola Flavoured Drink, bottle",Cola,nan,0.0,DIET COKE CAFFEINE FREE 12 X 330ML,£3.55,3.55,(£0.09/100ml),0.09,100,ml,0.9,l,,
2015-11-19 05:00:08.667155,TESCO,212011,"Cola Flavoured Drink, bottle",Cola,nan,0.0,PEPSI MAX 8X330ML,£3.50,3.5,(£0.13/100ml),0.13,100,ml,1.3,l,All products available for this offer,Any 2 for £5.00
2015-11-19 05:00:08.672629,TESCO,212011,"Cola Flavoured Drink, bottle",Cola,nan,0.0,DIET COKE CAFFEINE FREE 8X330ML,£3.50,3.5,(£0.13/100ml),0.13,100,ml,1.3,l,All products available for this offer,Any 2 for £5.00
2015-11-19 05:00:08.674120,TESCO,212011,"Cola Flavoured Drink, bottle",Cola,nan,0.0,TESCO EVERYDAY VALUE SUGAR FREE COLA 2 LITRE BO...,£0.17,0.17,(£0.01/100ml),0.01,100,ml,0.1,l,,
2015-11-19 05:00:08.676028,TESCO,212011,"Cola Flavoured Drink, bottle",Cola,nan,0.0,TESCO XERO COLA CHERRY 2 LITRE,£0.55,0.55,(£0.03/100ml),0.03,100,ml,0.3,l,All products available for this offer,Any 2 for 90p
2015-11-19 05:00:08.677520,TESCO,212011,"Cola Flavoured Drink, bottle",Cola,nan,0.0,COCA COLA REGULAR 1.25 LTRS BOTTLE,£1.29,1.29,(£0.10/100ml),0.1,100,ml,1.0,l,All products available for this offer,Any 2 for £2.00
2015-11-19 05:00:08.678976,TESCO,212011,"Cola Flavoured Drink, bottle",Cola,nan,0.0,TESCO DIET COLA 8 X 330ML,£1.89,1.89,(£0.07/100ml),0.07,100,ml,0.7,l,,
2015-11-19 05:00:08.680401,TESCO,212011,"Cola Flavoured Drink, bottle",Cola,nan,0.0,COCA-COLA COKE CHERRY 1.75L,£1.85,1.85,(£0.11/100ml),0.11,100,ml,1.1,l,All products available for this offer,Any 2 for £2.00
2015-11-19 05:00:08.681863,TESCO,212011,"Cola Flavoured Drink, bottle",Cola,nan,0.0,CHERRY COKE 8X330ML,£3.50,3.5,(£0.13/100ml),0.13,100,ml,1.3,l,All products available for this offer,Any 2 for £5.00
2015-11-19 05:00:08.684584,TESCO,212011,"Cola Flavoured Drink, bottle",Cola,nan,0.0,DR PEPPER ZERO 2 LITRE BOTTLE,£1.85,1.85,(£0.09/100ml),0.09,100,ml,0.9,l,All products available for this offer,Any 2 for £2.00
2015-11-19 05:00:08.686087,TESCO,212011,"Cola Flavoured Drink, bottle",Cola,nan,0.0,COCA-COLA ZERO 12X330ML,£3.55,3.55,(£0.09/100ml),0.09,100,ml,0.9,l,,
2015-11-19 05:00:08.687471,TESCO,212011,"Cola Flavoured Drink, bottle",Cola,nan,0.0,PEPSI DIET 8 X 330ML,£3.50,3.5,(£0.13/100ml),0.13,100,ml,1.3,l,All products available for this offer,Any 2 for £5.00
2015-11-19 05:00:08.689013,TESCO,212011,"Cola Flavoured Drink, bottle",Cola,nan,0.0,DIET COKE 1.25 LTRS BOTTLE,£1.29,1.29,(£0.10/100ml),0.1,100,ml,1.0,l,All products available for this offer,Any 2 for £2.00
2015-11-19 05:00:08.690467,TESCO,212011,"Cola Flavoured Drink, bottle",Cola,nan,0.0,PEPSI DIET 1.5 LITRE,£0.89,0.89,(£0.06/100ml),0.06,100,ml,0.6,l,Half Price Was £1.79 Now 89p - all products for this offer,Half Price Was £1.79 Now 89p
2015-11-19 05:00:08.691949,TESCO,212011,"Cola Flavoured Drink, bottle",Cola,nan,0.0,COCA COLA LIFE 1.75L,£1.85,1.85,(£0.11/100ml),0.11,100,ml,1.1,l,All products available for this offer,Any 2 for £2.00
2015-11-19 05:00:08.693432,TESCO,212011,"Cola Flavoured Drink, bottle",Cola,nan,0.0,COCA COLA COKE ZERO CHERRY 8X330 ML,£3.50,3.5,(£0.13/100ml),0.13,100,ml,1.3,l,All products available for this offer,Any 2 for £5.00
2015-11-19 05:00:08.701781,TESCO,210204,"Dry Spaghetti or pasta, 500g",Pasta & Spaghetti,500g,1.0,TESCO TAGLIATELLE 500G,£0.59,0.59,(£1.18/kg),1.18,1.0,kg,1.18,kg,,
2015-11-19 05:00:08.703202,TESCO,210204,"Dry Spaghetti or pasta, 500g",Pasta & Spaghetti,500g,0.0,TESCO CONCHIGLIE PASTA SHELLS 1KG,£0.99,0.99,(£0.99/kg),0.99,1.0,kg,0.99,kg,,
2015-11-19 05:00:08.704633,TESCO,210204,"Dry Spaghetti or pasta, 500g",Pasta & Spaghetti,500g,0.0,TESCO MACARONI 1KG,£0.99,0.99,(£0.99/kg),0.99,1.0,kg,0.99,kg,,
2015-11-19 05:00:08.706068,TESCO,212011,"Cola Flavoured Drink, bottle",Cola,nan,0.0,DIET COKE CHERRY 8 X 330ML,£3.50,3.5,(£0.13/100ml),0.13,100,ml,1.3,l,All products available for this offer,Any 2 for £5.00
2015-11-19 05:00:08.707569,TESCO,212011,"Cola Flavoured Drink, bottle",Cola,nan,0.0,PEPSI MAX CHERRY 8 X 330ML,£3.50,3.5,(£0.13/100ml),0.13,100,ml,1.3,l,All products available for this offer,Any 2 for £5.00
2015-11-19 05:00:08.709100,TESCO,212011,"Cola Flavoured Drink, bottle",Cola,nan,0.0,COCA COLA LIFE 8X330ML,£3.50,3.5,(£0.13/100ml),0.13,100,ml,1.3,l,All products available for this offer,Any 2 for £5.00
2015-11-19 05:00:08.710552,TESCO,212011,"Cola Flavoured Drink, bottle",Cola,nan,0.0,PEPSI 1.5 LITRE,£0.89,0.89,(£0.06/100ml),0.06,100,ml,0.6,l,Half Price Was £1.79 Now 89p - all products for this offer,Half Price Was £1.79 Now 89p
2015-11-19 05:00:08.715669,TESCO,210204,"Dry Spaghetti or pasta, 500g",Pasta & Spaghetti,500g,0.0,NAPOLINA SPAGHETTI 1KG,£0.99,0.99,(£0.99/kg),0.99,1.0,kg,0.99,kg,Half Price Was £1.99 Now 99p - all products for this offer,Half Price Was £1.99 Now 99p
2015-11-19 05:00:08.717199,TESCO,210204,"Dry Spaghetti or pasta, 500g",Pasta & Spaghetti,500g,1.0,NAPOLINA BRONZE DIE SPAGHETTI 500G,£1.99,1.99,(£3.98/kg),3.98,1.0,kg,3.98,kg,,
2015-11-19 05:00:08.718596,TESCO,210204,"Dry Spaghetti or pasta, 500g",Pasta & Spaghetti,500g,1.0,TESCO CONCHIGLIE PASTA SHELLS 500G,£0.59,0.59,(£1.18/kg),1.18,1.0,kg,1.18,kg,,
2015-11-19 05:00:08.720013,TESCO,210204,"Dry Spaghetti or pasta, 500g",Pasta & Spaghetti,500g,1.0,TRATTORIA VERDI POTATO GNOCCHI 500G,£0.70,0.7,(£1.40/kg),1.4,1.0,kg,1.4,kg,,
2015-11-19 05:00:08.721459,TESCO,210204,"Dry Spaghetti or pasta, 500g",Pasta & Spaghetti,500g,1.0,NAPOLINA PENNE RIGATE BRONZE PASTA 500G,£1.89,1.89,(£3.78/kg),3.78,1.0,kg,3.78,kg,,
2015-11-19 05:00:08.722875,TESCO,210204,"Dry Spaghetti or pasta, 500g",Pasta & Spaghetti,500g,1.0,NAPOLINA PENNE 500G,£1.20,1.2,(£2.40/kg),2.4,1.0,kg,2.4,kg,,
2015-11-19 05:00:08.724430,TESCO,210204,"Dry Spaghetti or pasta, 500g",Pasta & Spaghetti,500g,1.0,TESCO SPIRALI 500G,£0.59,0.59,(£1.18/kg),1.18,1.0,kg,1.18,kg,,
2015-11-19 05:00:08.726202,TESCO,210204,"Dry Spaghetti or pasta, 500g",Pasta & Spaghetti,500g,0.0,NAPOLINA LASAGNE EGG PASTA 375G,£1.40,1.4,(£3.74/kg),3.74,1.0,kg,3.74,kg,,
2015-11-19 05:00:08.727694,TESCO,210204,"Dry Spaghetti or pasta, 500g",Pasta & Spaghetti,500g,0.0,TESCO PENNE PASTA QUILLS 3KG,£2.89,2.89,(£0.96/kg),0.96,1.0,kg,0.96,kg,,
2015-11-19 05:00:08.729120,TESCO,210204,"Dry Spaghetti or pasta, 500g",Pasta & Spaghetti,500g,1.0,TESCO QUICK COOK FUSILLI 500G,£0.59,0.59,(£1.18/kg),1.18,1.0,kg,1.18,kg,,
2015-11-19 05:00:08.730519,TESCO,210204,"Dry Spaghetti or pasta, 500g",Pasta & Spaghetti,500g,1.0,NAPOLINA WHOLE WHEAT FUSILLI 500G,£1.00,1.0,(£2.00/kg),2.0,1.0,kg,2.0,kg,SAVE 30p Was £1.30 Now £1.00 - all products for this offer,SAVE 30p Was £1.30 Now £1.00
2015-11-19 05:00:08.732122,TESCO,210204,"Dry Spaghetti or pasta, 500g",Pasta & Spaghetti,500g,1.0,TESCO PENNE PASTA QUILLS 500G,£0.59,0.59,(£1.18/kg),1.18,1.0,kg,1.18,kg,,
2015-11-19 05:00:08.733587,TESCO,210204,"Dry Spaghetti or pasta, 500g",Pasta & Spaghetti,500g,1.0,NAPOLINA WHOLE WHEAT SPAGHETTI 500G,£1.00,1.0,(£2.00/kg),2.0,1.0,kg,2.0,kg,SAVE 30p Was £1.30 Now £1.00 - all products for this offer,SAVE 30p Was £1.30 Now £1.00
2015-11-19 05:00:08.735064,TESCO,210204,"Dry Spaghetti or pasta, 500g",Pasta & Spaghetti,500g,1.0,TESCO RIGATONI 500G,£0.59,0.59,(£1.18/kg),1.18,1.0,kg,1.18,kg,,
2015-11-19 05:00:08.737248,TESCO,210204,"Dry Spaghetti or pasta, 500g",Pasta & Spaghetti,500g,1.0,TESCO QUICK COOK PENNE 500G,£0.59,0.59,(£1.18/kg),1.18,1.0,kg,1.18,kg,,
2015-11-19 05:00:08.738678,TESCO,210204,"Dry Spaghetti or pasta, 500g",Pasta & Spaghetti,500g,1.0,TESCO ORGANIC WHOLE WHEAT FUSILLI 500G,£1.00,1.0,(£2.00/kg),2.0,1.0,kg,2.0,kg,,
2015-11-19 05:00:08.740172,TESCO,210204,"Dry Spaghetti or pasta, 500g",Pasta & Spaghetti,500g,1.0,NAPOLINA TORTIGLIONI BRONZE PASTA 500G,£1.89,1.89,(£3.78/kg),3.78,1.0,kg,3.78,kg,,
2015-11-19 05:00:08.766733,TESCO,210213,"Breakfast Cereal 1, sugar/chocolate coated",Childrens Cereals,nan,0.0,NESLTE CURIOUSLY CINNAMON CEREAL 565G,£3.49,3.49,(£0.62/100g),0.62,100,g,6.2,kg,,
2015-11-19 05:00:08.768245,TESCO,210213,"Breakfast Cereal 1, sugar/chocolate coated",Childrens Cereals,nan,0.0,NESTLE SHREDDIES CEREAL 500G,£2.49,2.49,(£0.50/100g),0.5,100,g,5.0,kg,,
2015-11-19 05:00:08.769687,TESCO,210213,"Breakfast Cereal 1, sugar/chocolate coated",Childrens Cereals,nan,0.0,NESTLE CHOCOLATE CHEERIOS CEREAL 330G,£2.49,2.49,(£0.76/100g),0.76,100,g,7.6,kg,,
2015-11-19 05:00:08.771775,TESCO,210213,"Breakfast Cereal 1, sugar/chocolate coated",Childrens Cereals,nan,0.0,KELLOGGS COCO POPS COCOROCKS 350G,£2.00,2.0,(£0.57/100g),0.57,100,g,5.7,kg,SAVE 39p Was £2.39 Now £2.00 - all products for this offer,SAVE 39p Was £2.39 Now £2.00
2015-11-19 05:00:08.773313,TESCO,210213,"Breakfast Cereal 1, sugar/chocolate coated",Childrens Cereals,nan,0.0,HONEY MONSTER PUFFS CEREAL 625G,£3.25,3.25,(£0.52/100g),0.52,100,g,5.2,kg,,
2015-11-19 05:00:08.774720,TESCO,210213,"Breakfast Cereal 1, sugar/chocolate coated",Childrens Cereals,nan,0.0,NESTLE COCO SHREDDIES CEREAL 750G,£3.39,3.39,(£0.45/100g),0.45,100,g,4.5,kg,,
2015-11-19 05:00:08.776162,TESCO,210213,"Breakfast Cereal 1, sugar/chocolate coated",Childrens Cereals,nan,0.0,KELLOGGS RICE KRISPIES 340G,£2.09,2.09,(£0.62/100g),0.62,100,g,6.2,kg,,
2015-11-19 05:00:08.777559,TESCO,210213,"Breakfast Cereal 1, sugar/chocolate coated",Childrens Cereals,nan,0.0,KELLOGGS FROSTIES CEREAL 500G,£2.29,2.29,(£0.46/100g),0.46,100,g,4.6,kg,,
2015-11-19 05:00:08.778954,TESCO,210213,"Breakfast Cereal 1, sugar/chocolate coated",Childrens Cereals,nan,0.0,TESCO CINNAMON SQUARES 325G,£1.20,1.2,(£0.37/100g),0.37,100,g,3.7,kg,All products available for this offer,Any 3 for £3.00
2015-11-19 05:00:08.780483,TESCO,210213,"Breakfast Cereal 1, sugar/chocolate coated",Childrens Cereals,nan,0.0,NESTLE COOKIE CRISP CEREAL 565G,£2.79,2.79,(£0.49/100g),0.49,100,g,4.9,kg,,
2015-11-19 05:00:08.781929,TESCO,210213,"Breakfast Cereal 1, sugar/chocolate coated",Childrens Cereals,nan,0.0,NESTLE SHREDDIES CEREAL 1KG,£3.89,3.89,(£0.39/100g),0.39,100,g,3.9,kg,,
2015-11-19 05:00:08.783341,TESCO,210213,"Breakfast Cereal 1, sugar/chocolate coated",Childrens Cereals,nan,0.0,KELLOGGS START CEREAL 375G,£2.79,2.79,(£0.74/100g),0.74,100,g,7.4,kg,All products available for this offer,Any 2 for £4.00
2015-11-19 05:00:08.784883,TESCO,210213,"Breakfast Cereal 1, sugar/chocolate coated",Childrens Cereals,nan,0.0,NESTLE PIC A PAC VARIETY PACK CEREAL 8PK,£1.79,1.79,(£0.22/each),0.22,1.0,each,0.22,each,,
2015-11-19 05:00:08.786287,TESCO,210213,"Breakfast Cereal 1, sugar/chocolate coated",Childrens Cereals,nan,0.0,TESCO FROSTED FLAKES CEREAL 750G,£1.70,1.7,(£0.23/100g),0.23,100,g,2.3,kg,,
2015-11-19 05:00:08.787702,TESCO,210213,"Breakfast Cereal 1, sugar/chocolate coated",Childrens Cereals,nan,0.0,KELLOGGS RICICLES CEREAL 450G,£2.79,2.79,(£0.62/100g),0.62,100,g,6.2,kg,,
2015-11-19 05:00:08.789127,TESCO,210213,"Breakfast Cereal 1, sugar/chocolate coated",Childrens Cereals,nan,0.0,KELLOGGS COCO POPS 295G,£2.09,2.09,(£0.71/100g),0.71,100,g,7.1,kg,,
2015-11-19 05:00:08.790531,TESCO,210213,"Breakfast Cereal 1, sugar/chocolate coated",Childrens Cereals,nan,0.0,KELLOGG'S DISNEY FROZEN MULTIGRAIN CEREAL 350G,£2.79,2.79,(£7.98/kg),7.98,1.0,kg,7.98,kg,,
2015-11-19 05:00:08.791982,TESCO,210213,"Breakfast Cereal 1, sugar/chocolate coated",Childrens Cereals,nan,0.0,KELLOGGS COCO POPS COPTER/MINI CROC 350G,£2.00,2.0,(£0.57/100g),0.57,100,g,5.7,kg,SAVE 39p Was £2.39 Now £2.00 - all products for this offer,SAVE 39p Was £2.39 Now £2.00
2015-11-19 05:00:08.793493,TESCO,210213,"Breakfast Cereal 1, sugar/chocolate coated",Childrens Cereals,nan,0.0,NESTLE GOLDEN GRAHAMS CEREAL 375G,£2.00,2.0,(£0.53/100g),0.53,100,g,5.3,kg,SAVE 49p Was £2.49 Now £2.00 - all products for this offer,SAVE 49p Was £2.49 Now £2.00
2015-11-19 05:00:08.794971,TESCO,210213,"Breakfast Cereal 1, sugar/chocolate coated",Childrens Cereals,nan,0.0,WEETABIX READY BREK CHOCOLATE 450G,£2.00,2.0,(£0.44/100g),0.44,100,g,4.4,kg,,
2015-11-19 05:00:08.828533,TESCO,210214,"Breakfast Cereal 2, NOT sugar/chocolate coated",Healthier Cereal,nan,0.0,TESCO APRICOT WHEATS CEREAL 500G,£1.99,1.99,(£0.40/100g),0.4,100,g,4.0,kg,,
2015-11-19 05:00:08.830010,TESCO,210214,"Breakfast Cereal 2, NOT sugar/chocolate coated",Healthier Cereal,nan,0.0,NESTLE SHREDDED WHEAT CEREAL 360G (16S),£1.68,1.68,(£0.11/each),0.11,1.0,each,0.11,each,,
2015-11-19 05:00:08.831421,TESCO,210214,"Breakfast Cereal 2, NOT sugar/chocolate coated",Healthier Cereal,nan,0.0,NESTLE SHREDDED WHEAT HONEY NUT CEREAL 500G,£2.29,2.29,(£0.46/100g),0.46,100,g,4.6,kg,,
2015-11-19 05:00:08.832902,TESCO,210214,"Breakfast Cereal 2, NOT sugar/chocolate coated",Healthier Cereal,nan,0.0,KELLOGGS SPECIAL K OATS AND HONEY 420G,£2.99,2.99,(£0.71/100g),0.71,100,g,7.1,kg,All products available for this offer,Any 2 for £4.00
2015-11-19 05:00:08.834436,TESCO,210214,"Breakfast Cereal 2, NOT sugar/chocolate coated",Healthier Cereal,nan,0.0,KELLOGGS ALL-BRAN CEREAL 500G,£2.09,2.09,(£0.42/100g),0.42,100,g,4.2,kg,,
2015-11-19 05:00:08.835876,TESCO,210214,"Breakfast Cereal 2, NOT sugar/chocolate coated",Healthier Cereal,nan,0.0,TESCO RED CHERRY WHEAT CEREAL 500G,£1.99,1.99,(£0.40/100g),0.4,100,g,4.0,kg,,
2015-11-19 05:00:08.837310,TESCO,210214,"Breakfast Cereal 2, NOT sugar/chocolate coated",Healthier Cereal,nan,0.0,KELLOGGS SPECIAL K CHOCOLATE 360G,£2.99,2.99,(£0.83/100g),0.83,100,g,8.3,kg,All products available for this offer,Any 2 for £4.00
2015-11-19 05:00:08.838797,TESCO,210214,"Breakfast Cereal 2, NOT sugar/chocolate coated",Healthier Cereal,nan,0.0,KELLOGGS ALL BRAN GOLDEN CRUNCH 390G,£2.89,2.89,(£0.74/100g),0.74,100,g,7.4,kg,,
2015-11-19 05:00:08.840254,TESCO,210214,"Breakfast Cereal 2, NOT sugar/chocolate coated",Healthier Cereal,nan,0.0,KELLOGGS SPECIAL K CREAMY BERRY360G,£2.99,2.99,(£0.83/100g),0.83,100,g,8.3,kg,All products available for this offer,Any 2 for £4.00
2015-11-19 05:00:08.841751,TESCO,210214,"Breakfast Cereal 2, NOT sugar/chocolate coated",Healthier Cereal,nan,0.0,SPECIAL K PEACH AND APRICOT 360G,£2.99,2.99,(£0.83/100g),0.83,100,g,8.3,kg,All products available for this offer,Any 2 for £4.00
2015-11-19 05:00:08.843240,TESCO,210214,"Breakfast Cereal 2, NOT sugar/chocolate coated",Healthier Cereal,nan,0.0,KELLOGGS SPECIAL K FRUIT AND NUT 410G,£2.99,2.99,(£0.73/100g),0.73,100,g,7.3,kg,All products available for this offer,Any 2 for £4.00
2015-11-19 05:00:08.844826,TESCO,210214,"Breakfast Cereal 2, NOT sugar/chocolate coated",Healthier Cereal,nan,0.0,KELLOGGS SULTANA BRAN CEREAL 500G,£2.89,2.89,(£0.58/100g),0.58,100,g,5.8,kg,,
2015-11-19 05:00:08.846247,TESCO,210214,"Breakfast Cereal 2, NOT sugar/chocolate coated",Healthier Cereal,nan,0.0,GOOD GRAIN COMPANY PUFFED WHEAT 160G,£1.00,1.0,(£0.63/100g),0.63,100,g,6.3,kg,SAVE 35p Was £1.35 Now £1.00 - all products for this offer,SAVE 35p Was £1.35 Now £1.00
2015-11-19 05:00:08.847754,TESCO,210214,"Breakfast Cereal 2, NOT sugar/chocolate coated",Healthier Cereal,nan,0.0,TESCO WHOLE OAT BRAN CEREAL 500G,£1.99,1.99,(£0.40/100g),0.4,100,g,4.0,kg,,
2015-11-19 05:00:08.849194,TESCO,210214,"Breakfast Cereal 2, NOT sugar/chocolate coated",Healthier Cereal,nan,0.0,KELLOGGS SPECIAL K PROTEIN 390G,£2.99,2.99,(£0.77/100g),0.77,100,g,7.7,kg,All products available for this offer,Any 2 for £4.00
2015-11-19 05:00:08.850679,TESCO,210214,"Breakfast Cereal 2, NOT sugar/chocolate coated",Healthier Cereal,nan,0.0,KELLOGGS SPECIAL K TESS DALY 360G,£2.99,2.99,(£0.83/100g),0.83,100,g,8.3,kg,All products available for this offer,Any 2 for £4.00
2015-11-19 05:00:08.938414,TESCO,310401,"Whisky, bottle",Whisky,whisky,0.0,JACK DANIELS 50CL,£19.00,19.0,(£38.00/l),38.0,1.0,l,38.0,l,,
2015-11-19 05:00:08.939876,TESCO,310401,"Whisky, bottle",Whisky,whisky,1.0,BELL'S ORIGINAL WHISKY 35CL,£9.00,9.0,(£25.72/l),25.72,1.0,l,25.72,l,SAVE 50p Was £9.50 Now £9.00 - all products for this offer,SAVE 50p Was £9.50 Now £9.00
2015-11-19 05:00:08.942091,TESCO,310401,"Whisky, bottle",Whisky,whisky,0.0,JIM BEAM HONEY 70CL,£15.00,15.0,(£21.43/l),21.43,1.0,l,21.43,l,SAVE £4.00 Was £19.00 Now £15.00 - all products for this offer,SAVE £4.00 Was £19.00 Now £15.00
2015-11-19 05:00:08.943583,TESCO,310401,"Whisky, bottle",Whisky,whisky,1.0,ABERLOUR MALT WHISKY 70CL,£22.00,22.0,(£31.43/l),31.43,1.0,l,31.43,l,SAVE £10.00 Was £32.00 Now £22.00 - all products for this offer,SAVE £10.00 Was £32.00 Now £22.00
2015-11-19 05:00:08.945107,TESCO,310401,"Whisky, bottle",Whisky,whisky,0.0,JIM BEAM DEVILS CUT 70CL,£25.00,25.0,(£35.72/l),35.72,1.0,l,35.72,l,,
2015-11-19 05:00:08.946505,TESCO,310401,"Whisky, bottle",Whisky,whisky,0.0,SOUTHERN COMFORT LIME 70CL,£14.00,14.0,(£20.00/l),20.0,1.0,l,20.0,l,SAVE £3.50 Was £17.50 Now £14.00 - all products for this offer,SAVE £3.50 Was £17.50 Now £14.00
2015-11-19 05:00:08.947953,TESCO,310401,"Whisky, bottle",Whisky,whisky,1.0,GLENMORANGIE 10 YEAR OLD MALT WHISKY 35CL,£15.00,15.0,(£42.86/l),42.86,1.0,l,42.86,l,SAVE £3.50 Was £18.50 Now £15.00 - all products for this offer,SAVE £3.50 Was £18.50 Now £15.00
2015-11-19 05:00:08.949425,TESCO,310401,"Whisky, bottle",Whisky,whisky,1.0,JOHNNIE WALKER RED LABEL WHISKY 70CL,£15.00,15.0,(£21.43/l),21.43,1.0,l,21.43,l,SAVE £5.00 Was £20.00 Now £15.00 - all products for this offer,SAVE £5.00 Was £20.00 Now £15.00
2015-11-19 05:00:08.950870,TESCO,310401,"Whisky, bottle",Whisky,whisky,1.0,SCOTTISH LEADER BLENDED SCOTCH WHISKY 70CL,£12.70,12.7,(£18.15/l),18.15,1.0,l,18.15,l,,
2015-11-19 05:00:08.955690,TESCO,310401,"Whisky, bottle",Whisky,whisky,0.0,EARLY TIMES FIRE EATER 70CL,£18.00,18.0,(£25.72/l),25.72,1.0,l,25.72,l,,
2015-11-19 05:00:08.957125,TESCO,310401,"Whisky, bottle",Whisky,whisky,0.0,MONKEY SHOULDER 70CL,£27.00,27.0,(£38.58/l),38.58,1.0,l,38.58,l,,
2015-11-19 05:00:08.958507,TESCO,310401,"Whisky, bottle",Whisky,whisky,0.0,BULLEIT BOURBON WHISKEY 70CL,£22.00,22.0,(£31.43/l),31.43,1.0,l,31.43,l,All products available for this offer,Only £22.00
2015-11-19 05:00:08.959968,TESCO,310401,"Whisky, bottle",Whisky,whisky,0.0,JACK DANIEL'S TENNESSEE HONEY 35CL,£13.50,13.5,(£38.58/l),38.58,1.0,l,38.58,l,,
2015-11-19 05:00:08.961371,TESCO,310401,"Whisky, bottle",Whisky,whisky,0.0,ABERLOUR 12YO SINGLE MALT 70CL,£32.99,32.99,(£47.13/l),47.13,1.0,l,47.13,l,,
2015-11-19 05:00:08.962744,TESCO,310401,"Whisky, bottle",Whisky,whisky,1.0,SINGLETON TAILFIRE MALT WHISKY 70CL,£28.00,28.0,(£40.00/l),40.0,1.0,l,40.0,l,SAVE £7.00 Was £35.00 Now £28.00 - all products for this offer,SAVE £7.00 Was £35.00 Now £28.00
2015-11-19 05:00:08.964259,TESCO,310401,"Whisky, bottle",Whisky,whisky,1.0,ISLE OF JURA SUPERSTITION MALT WHISKY 70CL,£31.00,31.0,(£44.29/l),44.29,1.0,l,44.29,l,,
2015-11-19 05:00:08.965641,TESCO,310401,"Whisky, bottle",Whisky,whisky,0.0,BUFFALO TRACE BOURBON WHISKEY 70CL,£18.00,18.0,(£25.72/l),25.72,1.0,l,25.72,l,SAVE £2.00 Was £20.00 Now £18.00 - all products for this offer,SAVE £2.00 Was £20.00 Now £18.00
2015-11-19 05:00:08.968389,TESCO,310401,"Whisky, bottle",Whisky,whisky,0.0,TULLAMORE DEW 700ML,£20.00,20.0,(£28.58/l),28.58,1.0,l,28.58,l,,
2015-11-19 05:00:08.969779,TESCO,310401,"Whisky, bottle",Whisky,whisky,0.0,THE GLENROTHES SELECT RESERVE SINGLE MALT WHISK...,£30.00,30.0,(£42.86/l),42.86,1.0,l,42.86,l,SAVE £8.00 Was £38.00 Now £30.00 - all products for this offer,SAVE £8.00 Was £38.00 Now £30.00
2015-11-19 05:00:08.971236,TESCO,310401,"Whisky, bottle",Whisky,whisky,0.0,BOWMORE SMALL BATCH RESERVE 70CL,£25.00,25.0,(£35.72/l),35.72,1.0,l,35.72,l,SAVE £8.00 Was £33.00 Now £25.00 - all products for this offer,SAVE £8.00 Was £33.00 Now £25.00
2015-11-19 05:00:08.982497,TESCO,210302,Plain Biscuits (eg. Digestive),Everyday Biscuits,digestives,0.0,TESCO FIG ROLLS 200G,£0.40,0.4,(£0.20/100g),0.2,100,g,2.0,kg,,
2015-11-19 05:00:08.983954,TESCO,210302,Plain Biscuits (eg. Digestive),Everyday Biscuits,digestives,1.0,TESCO DIGESTIVES 400G,£0.40,0.4,(£0.10/100g),0.1,100,g,1.0,kg,,
2015-11-19 05:00:08.985382,TESCO,210302,Plain Biscuits (eg. Digestive),Everyday Biscuits,digestives,0.0,JAMMIE DODGERS MINI SNACK PACK 7PK 140G,£1.29,1.29,(£0.92/100g),0.92,100,g,9.2,kg,All products available for this offer,Any 2 for £2.00
2015-11-19 05:00:08.987474,TESCO,210302,Plain Biscuits (eg. Digestive),Everyday Biscuits,digestives,0.0,TESCO FRUIT SHORTCAKE BISCUITS 250G,£0.40,0.4,(£0.20/100g),0.2,100,g,2.0,kg,,
2015-11-19 05:00:08.989000,TESCO,210302,Plain Biscuits (eg. Digestive),Everyday Biscuits,digestives,0.0,FOXS CHOCOLATE VIENNESE MELTS 150G,£1.79,1.79,(£1.50/100g),1.5,100,g,15.0,kg,,
2015-11-19 05:00:08.990421,TESCO,210302,Plain Biscuits (eg. Digestive),Everyday Biscuits,digestives,0.0,FOXS MINI PARTY RINGS 6 PACK,£1.00,1.0,(£0.67/100g),0.67,100,g,6.7,kg,SAVE 49p Was £1.49 Now £1.00 - all products for this offer,SAVE 49p Was £1.49 Now £1.00
2015-11-19 05:00:08.991915,TESCO,210302,Plain Biscuits (eg. Digestive),Everyday Biscuits,digestives,0.0,FOXS GOLDEN CRUNCH CREAMS 168G,£0.99,0.99,(£0.59/100g),0.59,100,g,5.9,kg,,
2015-11-19 05:00:08.993343,TESCO,210302,Plain Biscuits (eg. Digestive),Everyday Biscuits,digestives,0.0,MCVITIES CRAWFORD THIN ARROWROOT BISCUITS 200G,£1.49,1.49,(£0.75/100g),0.75,100,g,7.5,kg,,
2015-11-19 05:00:08.994747,TESCO,210302,Plain Biscuits (eg. Digestive),Everyday Biscuits,digestives,0.0,FOX'S DOUBLE CHOCOLATE CRUNCH CREAMS 168G,£0.99,0.99,(£0.59/100g),0.59,100,g,5.9,kg,,
2015-11-19 05:00:08.996195,TESCO,210302,Plain Biscuits (eg. Digestive),Everyday Biscuits,digestives,0.0,TESCO OATIES 300G,£0.40,0.4,(£0.13/100g),0.13,100,g,1.3,kg,,
2015-11-19 05:00:08.997674,TESCO,210302,Plain Biscuits (eg. Digestive),Everyday Biscuits,digestives,1.0,MCVITIE'S DIGESTIVES TWIN PACK 2 X 500G,£1.89,1.89,(£0.19/100g),0.19,100,g,1.9,kg,,
2015-11-19 05:00:08.999101,TESCO,210302,Plain Biscuits (eg. Digestive),Everyday Biscuits,digestives,0.0,OREO CHOCOLATE COOKIES 154G,£1.08,1.08,(£0.70/100g),0.7,100,g,7.0,kg,,
2015-11-19 05:00:09.000571,TESCO,210302,Plain Biscuits (eg. Digestive),Everyday Biscuits,digestives,0.0,MCVITIES GINGER NUTS 250G,£1.09,1.09,(£0.44/100g),0.44,100,g,4.4,kg,All products available for this offer,Any 2 for £2.00
2015-11-19 05:00:09.002056,TESCO,210302,Plain Biscuits (eg. Digestive),Everyday Biscuits,digestives,0.0,OREO DOUBLE STUFF 157G,£1.08,1.08,(£0.69/100g),0.69,100,g,6.9,kg,,
2015-11-19 05:00:09.003463,TESCO,210302,Plain Biscuits (eg. Digestive),Everyday Biscuits,digestives,0.0,TESCO RICH SHORTIES BISCUITS 300G,£0.40,0.4,(£0.13/100g),0.13,100,g,1.3,kg,,
2015-11-19 05:00:09.004913,TESCO,210302,Plain Biscuits (eg. Digestive),Everyday Biscuits,digestives,0.0,OREO GOLDEN 154G,£1.08,1.08,(£0.70/100g),0.7,100,g,7.0,kg,,
2015-11-19 05:00:09.006313,TESCO,210302,Plain Biscuits (eg. Digestive),Everyday Biscuits,digestives,0.0,TESCO GARIBALDI BISCUITS 200G,£0.60,0.6,(£0.30/100g),0.3,100,g,3.0,kg,,
2015-11-19 05:00:09.007759,TESCO,210302,Plain Biscuits (eg. Digestive),Everyday Biscuits,digestives,0.0,MCVITIES FRUIT SHORTCAKE 200G,£1.09,1.09,(£0.55/100g),0.55,100,g,5.5,kg,All products available for this offer,Any 2 for £2.00
2015-11-19 05:00:09.009287,TESCO,210302,Plain Biscuits (eg. Digestive),Everyday Biscuits,digestives,0.0,TESCO JAM SANDWICH CREAMS 150G,£0.40,0.4,(£0.27/100g),0.27,100,g,2.7,kg,,
2015-11-19 05:00:09.010694,TESCO,210302,Plain Biscuits (eg. Digestive),Everyday Biscuits,digestives,0.0,PINK PANTHER WAFERS 200G,£0.50,0.5,(£0.25/100g),0.25,100,g,2.5,kg,SAVE 18p Was 68p Now 50p - all products for this offer,SAVE 18p Was 68p Now 50p
2015-11-19 05:00:09.070217,TESCO,211807,Yoghurt/Fromage Frais ,Organic Yoghurt,fromage frais,0.0,YEO VALLEY GREEK STYLE NATURAL YOGHURT 450G,£1.70,1.7,(£0.38/100g),0.38,100,g,3.8,kg,All products available for this offer,Any 2 for £3.00
2015-11-19 05:00:09.073361,TESCO,211807,Yoghurt/Fromage Frais ,Organic Yoghurt,fromage frais,0.0,Y/VALLEY 0% FAT GREEK STYLE WITH HONEY YOGHURT ...,£1.80,1.8,(£0.40/100g),0.4,100,g,4.0,kg,All products available for this offer,Any 2 for £3.00
2015-11-19 05:00:09.074888,TESCO,211807,Yoghurt/Fromage Frais ,Organic Yoghurt,fromage frais,0.0,YEO VALLEY WHOLE MILK PCHS AND CREAM YOGHURT 45...,£1.50,1.5,(£0.33/100g),0.33,100,g,3.3,kg,All products available for this offer,Any 2 for £2.00
2015-11-19 05:00:09.076430,TESCO,211807,Yoghurt/Fromage Frais ,Organic Yoghurt,fromage frais,0.0,YEO VALLEY 0% FAT NATURAL YOGHURT 1KG,£2.50,2.5,(£0.25/100g),0.25,100,g,2.5,kg,,
2015-11-19 05:00:09.077874,TESCO,211807,Yoghurt/Fromage Frais ,Organic Yoghurt,fromage frais,0.0,Y/VALLEY 0% FAT GREEK STYLE HONEY YOGHURT 4 X 1...,£2.00,2.0,(£0.42/100g),0.42,100,g,4.2,kg,All products available for this offer,Any 2 for £3.00
2015-11-19 05:00:09.079371,TESCO,211807,Yoghurt/Fromage Frais ,Organic Yoghurt,fromage frais,0.0,YEO VALLEY GREEK STYLE HONEY YOGHURT 450G,£1.80,1.8,(£0.40/100g),0.4,100,g,4.0,kg,All products available for this offer,Any 2 for £3.00
2015-11-19 05:00:09.080904,TESCO,211807,Yoghurt/Fromage Frais ,Organic Yoghurt,fromage frais,0.0,YEO VALLEY TROPICAL TREATS YOGHURT 4X120G,£1.75,1.75,(£0.37/100g),0.37,100,g,3.7,kg,All products available for this offer,Any 2 for £3.00
2015-11-19 05:00:09.082400,TESCO,211807,Yoghurt/Fromage Frais ,Organic Yoghurt,fromage frais,0.0,Y/VALLEY 0% FAT GREEK STYLE NATURAL YOGHURT 450...,£1.70,1.7,(£0.38/100g),0.38,100,g,3.8,kg,All products available for this offer,Any 2 for £3.00
2015-11-19 05:00:09.084065,TESCO,211807,Yoghurt/Fromage Frais ,Organic Yoghurt,fromage frais,0.0,YEO VALLEY 0% FAT GREEK STYLE LEMON YOGHURT 4X1...,£2.00,2.0,(£0.42/100g),0.42,100,g,4.2,kg,All products available for this offer,Any 2 for £3.00
2015-11-19 05:00:09.085582,TESCO,211807,Yoghurt/Fromage Frais ,Organic Yoghurt,fromage frais,0.0,YEO VALLEY GREEK STYLE WITH GINGER 450G,£1.80,1.8,(£0.40/100g),0.4,100,g,4.0,kg,All products available for this offer,Any 2 for £3.00
2015-11-19 05:00:09.087079,TESCO,211807,Yoghurt/Fromage Frais ,Organic Yoghurt,fromage frais,0.0,LITTLE YEOS TUBES STRAWBERRY AND VANILLA 6 PACK...,£1.00,1.0,(£0.42/100g),0.42,100,g,4.2,kg,,
2015-11-19 05:00:09.088523,TESCO,211807,Yoghurt/Fromage Frais ,Organic Yoghurt,fromage frais,0.0,Y/VALLEY 0% FAT GREEK STYLE YOGHURT STRAWBERRY ...,£2.00,2.0,(£0.42/100g),0.42,100,g,4.2,kg,All products available for this offer,Any 2 for £3.00
2015-11-19 05:00:09.089990,TESCO,211807,Yoghurt/Fromage Frais ,Organic Yoghurt,fromage frais,0.0,YEO VALLEY 0% GREEK STYLE YOGHURT WITH VANILLA ...,£1.80,1.8,(£0.40/100g),0.4,100,g,4.0,kg,All products available for this offer,Any 2 for £3.00
2015-11-19 05:00:09.091492,TESCO,211807,Yoghurt/Fromage Frais ,Organic Yoghurt,fromage frais,0.0,YEO VALLEY 0% BLUEBERRY GRANOLA YOGHURT 135G,£1.00,1.0,(£0.74/100g),0.74,100,g,7.4,kg,,
2015-11-19 05:00:09.092931,TESCO,211807,Yoghurt/Fromage Frais ,Organic Yoghurt,fromage frais,0.0,YEO VALLEY 0% FAT VANILLA AND GRANOLA YOG135G,£1.00,1.0,(£0.74/100g),0.74,100,g,7.4,kg,,
2015-11-19 05:00:09.097779,TESCO,211807,Yoghurt/Fromage Frais ,Organic Yoghurt,fromage frais,0.0,YEO VALLY ORGANIC SPECIAL EDITION 450G,£1.50,1.5,(£0.33/100g),0.33,100,g,3.3,kg,All products available for this offer,Any 2 for £2.00
2015-11-19 05:00:09.099298,TESCO,211807,Yoghurt/Fromage Frais ,Organic Yoghurt,fromage frais,0.0,ONKEN FAT FREE RASPBERRY AND HONEY YOGHURT 450G,£1.30,1.3,(£0.29/100g),0.29,100,g,2.9,kg,All products available for this offer,Any 2 for £2.00
2015-11-19 05:00:09.100832,TESCO,211807,Yoghurt/Fromage Frais ,Organic Yoghurt,fromage frais,0.0,YEO VALLEY 0% GREEK STYLE YOGHURT WITH LEMON 45...,£1.80,1.8,(£0.40/100g),0.4,100,g,4.0,kg,All products available for this offer,Any 2 for £3.00
2015-11-19 05:00:09.102317,TESCO,211807,Yoghurt/Fromage Frais ,Organic Yoghurt,fromage frais,0.0,YEO VALLEY 0% GREEK STYLE YOGHURT WITH S/BERRY4...,£1.80,1.8,(£0.40/100g),0.4,100,g,4.0,kg,All products available for this offer,Any 2 for £3.00
2015-11-19 05:00:09.103818,TESCO,211807,Yoghurt/Fromage Frais ,Organic Yoghurt,fromage frais,0.0,ONKEN BIOPOT WHOLEGRAIN PEACH YOGHURT 450G,£1.30,1.3,(£0.29/100g),0.29,100,g,2.9,kg,All products available for this offer,Any 2 for £2.00
2015-11-19 05:00:09.116470,TESCO,211807,Yoghurt/Fromage Frais ,Flavoured Big Pot Yoghurt,fromage frais,0.0,YEO VALLEY MANGO AND VANILLA YOGHURT 450G,£1.50,1.5,(£0.33/100g),0.33,100,g,3.3,kg,All products available for this offer,Any 2 for £2.00
2015-11-19 05:00:09.118006,TESCO,211807,Yoghurt/Fromage Frais ,Flavoured Big Pot Yoghurt,fromage frais,0.0,YEO VALLEY 0% FAT VANILLA YOGHURT 450G,£1.50,1.5,(£0.33/100g),0.33,100,g,3.3,kg,All products available for this offer,Any 2 for £2.00
2015-11-19 05:00:09.120159,TESCO,211807,Yoghurt/Fromage Frais ,Flavoured Big Pot Yoghurt,fromage frais,0.0,YEO VALLEY GREEK STYLE NATURAL YOGHURT 450G,£1.70,1.7,(£0.38/100g),0.38,100,g,3.8,kg,All products available for this offer,Any 2 for £3.00
2015-11-19 05:00:09.121671,TESCO,211807,Yoghurt/Fromage Frais ,Flavoured Big Pot Yoghurt,fromage frais,0.0,TESCO COCONUT YOGHURT 450G,£0.95,0.95,(£0.21/100g),0.21,100,g,2.1,kg,,
2015-11-19 05:00:09.123084,TESCO,211807,Yoghurt/Fromage Frais ,Flavoured Big Pot Yoghurt,fromage frais,0.0,ARLA SKYR YOGHURT MIXED WITH STRAWBERRY 450G,£1.90,1.9,(£0.42/100g),0.42,100,g,4.2,kg,All products available for this offer,Any 2 for £3.00
2015-11-19 05:00:09.124615,TESCO,211807,Yoghurt/Fromage Frais ,Flavoured Big Pot Yoghurt,fromage frais,0.0,Y/VALLEY 0% FAT GREEK STYLE WITH HONEY YOGHURT ...,£1.80,1.8,(£0.40/100g),0.4,100,g,4.0,kg,All products available for this offer,Any 2 for £3.00
2015-11-19 05:00:09.126094,TESCO,211807,Yoghurt/Fromage Frais ,Flavoured Big Pot Yoghurt,fromage frais,0.0,YEO VALLEY WHOLE MILK PCHS AND CREAM YOGHURT 45...,£1.50,1.5,(£0.33/100g),0.33,100,g,3.3,kg,All products available for this offer,Any 2 for £2.00
2015-11-19 05:00:09.127585,TESCO,211807,Yoghurt/Fromage Frais ,Flavoured Big Pot Yoghurt,fromage frais,0.0,YEO VALLEY 0% FAT NATURAL YOGHURT 1KG,£2.50,2.5,(£0.25/100g),0.25,100,g,2.5,kg,,
2015-11-19 05:00:09.129024,TESCO,211807,Yoghurt/Fromage Frais ,Flavoured Big Pot Yoghurt,fromage frais,0.0,ONKEN FAT FREE APRICOT WHOLEGRAIN YOGHURT 450G,£1.30,1.3,(£0.29/100g),0.29,100,g,2.9,kg,All products available for this offer,Any 2 for £2.00
2015-11-19 05:00:09.130544,TESCO,211807,Yoghurt/Fromage Frais ,Flavoured Big Pot Yoghurt,fromage frais,0.0,YEO VALLEY GREEK STYLE HONEY YOGHURT 450G,£1.80,1.8,(£0.40/100g),0.4,100,g,4.0,kg,All products available for this offer,Any 2 for £3.00
2015-11-19 05:00:09.132209,TESCO,211807,Yoghurt/Fromage Frais ,Flavoured Big Pot Yoghurt,fromage frais,0.0,ARLA SKYR YOGHURT MIXED WITH HONEY 450G,£1.90,1.9,(£0.42/100g),0.42,100,g,4.2,kg,All products available for this offer,Any 2 for £3.00
2015-11-19 05:00:09.133719,TESCO,211807,Yoghurt/Fromage Frais ,Flavoured Big Pot Yoghurt,fromage frais,0.0,THE COLLECTIVE RASPBERRY YOGHURT 500G,£2.00,2.0,(£0.40/100g),0.4,100,g,4.0,kg,,
2015-11-19 05:00:09.135117,TESCO,211807,Yoghurt/Fromage Frais ,Flavoured Big Pot Yoghurt,fromage frais,0.0,Y/VALLEY 0% FAT GREEK STYLE NATURAL YOGHURT 450...,£1.70,1.7,(£0.38/100g),0.38,100,g,3.8,kg,All products available for this offer,Any 2 for £3.00
2015-11-19 05:00:09.136639,TESCO,211807,Yoghurt/Fromage Frais ,Flavoured Big Pot Yoghurt,fromage frais,0.0,TESCO LOW FAT STRAWBERRY YOGHURT 450G,£0.95,0.95,(£0.21/100g),0.21,100,g,2.1,kg,,
2015-11-19 05:00:09.138048,TESCO,211807,Yoghurt/Fromage Frais ,Flavoured Big Pot Yoghurt,fromage frais,0.0,THE COLLECTIVE PASSION FRUIT YOGHURT 500G,£2.00,2.0,(£0.40/100g),0.4,100,g,4.0,kg,,
2015-11-19 05:00:09.139453,TESCO,211807,Yoghurt/Fromage Frais ,Flavoured Big Pot Yoghurt,fromage frais,0.0,ONKEN GREEK STYLE APPLE AND CINNAMON 450G,£1.50,1.5,(£0.33/100g),0.33,100,g,3.3,kg,,
2015-11-19 05:00:09.140939,TESCO,211807,Yoghurt/Fromage Frais ,Flavoured Big Pot Yoghurt,fromage frais,0.0,TESCO LOW FAT LEMON YOGHURT 450G,£0.95,0.95,(£0.21/100g),0.21,100,g,2.1,kg,,
2015-11-19 05:00:09.142372,TESCO,211807,Yoghurt/Fromage Frais ,Flavoured Big Pot Yoghurt,fromage frais,0.0,ONKEN GREEK STYLE LEMON AND RASPBERRY 450G,£1.50,1.5,(£0.33/100g),0.33,100,g,3.3,kg,,
2015-11-19 05:00:09.143809,TESCO,211807,Yoghurt/Fromage Frais ,Flavoured Big Pot Yoghurt,fromage frais,0.0,ONKEN GREEK STYLE RHUBARB AND GINGER 450G,£1.50,1.5,(£0.33/100g),0.33,100,g,3.3,kg,,
2015-11-19 05:00:09.145242,TESCO,211807,Yoghurt/Fromage Frais ,Flavoured Big Pot Yoghurt,fromage frais,0.0,TESCO GREEK STYLE WITH VANILLA YOGHURT 450G,£1.10,1.1,(£0.24/100g),0.24,100,g,2.4,kg,,
2015-11-19 05:00:09.190906,TESCO,211814,"Yoghurt, small individual",Indulgent Yoghurts & Dairy Desserts,yogurt single,0.0,TESCO FINEST FUDGE YOGHURT 150G,£0.75,0.75,(£0.50/100g),0.5,100,g,5.0,kg,All products available for this offer,Any 5 for £3.00
2015-11-19 05:00:09.193206,TESCO,211814,"Yoghurt, small individual",Indulgent Yoghurts & Dairy Desserts,yogurt single,0.0,TESCO FINEST STRAWBERRY AND CREAM YOGHURT 150G,£0.75,0.75,(£0.50/100g),0.5,100,g,5.0,kg,All products available for this offer,Any 5 for £3.00
2015-11-19 05:00:09.194721,TESCO,211814,"Yoghurt, small individual",Indulgent Yoghurts & Dairy Desserts,yogurt single,0.0,MULLER LIGHT CHOCOLATE FIX MILK CHOCOLATE 4X100...,£2.19,2.19,(£0.55/100g),0.55,100,g,5.5,kg,All products available for this offer,Any 2 for £3.00
2015-11-19 05:00:09.196253,TESCO,211814,"Yoghurt, small individual",Indulgent Yoghurts & Dairy Desserts,yogurt single,0.0,MULLER RICE RASPBERRY AND APPLE 6X180G,£3.89,3.89,(£0.36/100g),0.36,100,g,3.6,kg,All products available for this offer,Any 2 for £5.00
2015-11-19 05:00:09.197745,TESCO,211814,"Yoghurt, small individual",Indulgent Yoghurts & Dairy Desserts,yogurt single,0.0,AERO MINT CHOCOLATE MOUSSE 4X58G,£1.40,1.4,(£0.60/100g),0.6,100,g,6.0,kg,,
2015-11-19 05:00:09.199165,TESCO,211814,"Yoghurt, small individual",Indulgent Yoghurts & Dairy Desserts,yogurt single,0.0,CADBURY BUBBLES OF JOY CHOCOLATE 4X45G,£1.50,1.5,(£0.83/100g),0.83,100,g,8.3,kg,All products available for this offer,Any 2 for £2.00
2015-11-19 05:00:09.200687,TESCO,211814,"Yoghurt, small individual",Indulgent Yoghurts & Dairy Desserts,yogurt single,0.0,TESCO FINEST RASPBERRY YOGHURT 150G,£0.75,0.75,(£0.50/100g),0.5,100,g,5.0,kg,All products available for this offer,Any 5 for £3.00
2015-11-19 05:00:09.202168,TESCO,211814,"Yoghurt, small individual",Indulgent Yoghurts & Dairy Desserts,yogurt single,0.0,MULLER RICE ORIGINAL&S/BERRY 6X180G,£3.89,3.89,(£0.36/100g),0.36,100,g,3.6,kg,All products available for this offer,Any 2 for £5.00
2015-11-19 05:00:09.203730,TESCO,211814,"Yoghurt, small individual",Indulgent Yoghurts & Dairy Desserts,yogurt single,0.0,TESCO FINEST LEMON CURD YOGHURT 150G,£0.75,0.75,(£0.50/100g),0.5,100,g,5.0,kg,All products available for this offer,Any 5 for £3.00
2015-11-19 05:00:09.205259,TESCO,211814,"Yoghurt, small individual",Indulgent Yoghurts & Dairy Desserts,yogurt single,0.0,TESCO FINEST BELGIAN CHOCOLATE MOUSSE 100G,£0.95,0.95,(£0.95/100g),0.95,100,g,9.5,kg,All products available for this offer,Any 3 for £2.00
2015-11-19 05:00:09.206750,TESCO,211814,"Yoghurt, small individual",Indulgent Yoghurts & Dairy Desserts,yogurt single,0.0,TESCO LEMON MOUSSE 6X60G,£0.90,0.9,(£0.25/100g),0.25,100,g,2.5,kg,,
2015-11-19 05:00:09.208215,TESCO,211814,"Yoghurt, small individual",Indulgent Yoghurts & Dairy Desserts,yogurt single,0.0,SKI FRUIT MOUSSE LEMON MERINGUE 4X60G,£1.00,1.0,(£0.42/100g),0.42,100,g,4.2,kg,SAVE 40p Was £1.40 Now £1.00 - all products for this offer,SAVE 40p Was £1.40 Now £1.00
2015-11-19 05:00:09.209709,TESCO,211814,"Yoghurt, small individual",Indulgent Yoghurts & Dairy Desserts,yogurt single,0.0,TESCO FINEST CHAMPAGNE RHUBARB YOGHURT 150G,£0.75,0.75,(£0.50/100g),0.5,100,g,5.0,kg,All products available for this offer,Any 5 for £3.00
2015-11-19 05:00:09.211194,TESCO,211814,"Yoghurt, small individual",Indulgent Yoghurts & Dairy Desserts,yogurt single,0.0,SKI FRUIT MOUSSE STRAWBERRY & STRAWBERRY COULIS...,£1.00,1.0,(£0.42/100g),0.42,100,g,4.2,kg,SAVE 40p Was £1.40 Now £1.00 - all products for this offer,SAVE 40p Was £1.40 Now £1.00
2015-11-19 05:00:09.212728,TESCO,211814,"Yoghurt, small individual",Indulgent Yoghurts & Dairy Desserts,yogurt single,0.0,ACTIVIA INTENSELY CREAMY BLUEBERRY 4X110G,£2.40,2.4,(£0.55/100g),0.55,100,g,5.5,kg,All products available for this offer,Any 2 for £4.00
2015-11-19 05:00:09.214250,TESCO,211814,"Yoghurt, small individual",Indulgent Yoghurts & Dairy Desserts,yogurt single,0.0,TESCO FINEST SWISS BLACK CHERRY YOGHURT 150G,£0.75,0.75,(£0.50/100g),0.5,100,g,5.0,kg,All products available for this offer,Any 5 for £3.00
2015-11-19 05:00:09.215817,TESCO,211814,"Yoghurt, small individual",Indulgent Yoghurts & Dairy Desserts,yogurt single,0.0,ROLO DARK DESSERT 2X70G,£0.65,0.65,(£0.46/100g),0.46,100,g,4.6,kg,Half Price Was £1.30 Now 65p - all products for this offer,Half Price Was £1.30 Now 65p
2015-11-19 05:00:09.217338,TESCO,211814,"Yoghurt, small individual",Indulgent Yoghurts & Dairy Desserts,yogurt single,0.0,MULLER LIGHT CHOCOLATE FIX LAYERS 4 PACK,£2.19,2.19,(£0.55/each),0.55,1.0,each,0.55,each,All products available for this offer,Any 2 for £3.00
2015-11-19 05:00:09.218825,TESCO,211814,"Yoghurt, small individual",Indulgent Yoghurts & Dairy Desserts,yogurt single,0.0,NESTLE AFTER EIGHT DESSERT 2X70G,£0.50,0.5,(£0.36/100g),0.36,100,g,3.6,kg,All products available for this offer,Only 50p
2015-11-19 05:00:09.220344,TESCO,211814,"Yoghurt, small individual",Indulgent Yoghurts & Dairy Desserts,yogurt single,0.0,OYKOS STRAWBERRY GREEK STYLE YOGHURT 4X110G,£2.00,2.0,(£0.46/100g),0.46,100,g,4.6,kg,,
2015-11-19 05:00:09.269332,TESCO,211814,"Yoghurt, small individual",Active & Cholesterol Lowering Yoghurt,yogurt single,0.0,ACTIVIA INTENSELY CREAMY LEMON YOGHURT 4X110G,£2.40,2.4,(£0.55/100g),0.55,100,g,5.5,kg,All products available for this offer,Any 2 for £4.00
2015-11-19 05:00:09.270886,TESCO,211814,"Yoghurt, small individual",Active & Cholesterol Lowering Yoghurt,yogurt single,0.0,BENECOL BLUEBERRY YOGHURT DRINK 6X67.5G,£3.75,3.75,(£0.93/100g),0.93,100,g,9.3,kg,All products available for this offer,Any 2 for £6.00
2015-11-19 05:00:09.272477,TESCO,211814,"Yoghurt, small individual",Active & Cholesterol Lowering Yoghurt,yogurt single,0.0,BENECOL PEACH AND APRICOT YOGHURT DRINK 6X67.5G,£3.75,3.75,(£0.93/100g),0.93,100,g,9.3,kg,All products available for this offer,Any 2 for £6.00
2015-11-19 05:00:09.274010,TESCO,211814,"Yoghurt, small individual",Active & Cholesterol Lowering Yoghurt,yogurt single,0.0,ACTIVIA 0% FAT YELLOW FRUIT YOGHURT 8X125G,£2.90,2.9,(£0.29/100g),0.29,100,g,2.9,kg,,
2015-11-19 05:00:09.275624,TESCO,211814,"Yoghurt, small individual",Active & Cholesterol Lowering Yoghurt,yogurt single,0.0,BENECOL FAT FREE GARDEN FRUITS YOGHURT 4X125G,£2.40,2.4,(£0.48/100g),0.48,100,g,4.8,kg,All products available for this offer,Any 2 for £4.00
2015-11-19 05:00:09.277207,TESCO,211814,"Yoghurt, small individual",Active & Cholesterol Lowering Yoghurt,yogurt single,0.0,BENECOL RASPBERRY YOGHURT DRINK 6X67.5G,£3.75,3.75,(£0.93/100g),0.93,100,g,9.3,kg,All products available for this offer,Any 2 for £6.00
2015-11-19 05:00:09.278719,TESCO,211814,"Yoghurt, small individual",Active & Cholesterol Lowering Yoghurt,yogurt single,0.0,BENECOL SUMMERFRUITS YOGHURT 4X120G,£2.40,2.4,(£0.50/100g),0.5,100,g,5.0,kg,All products available for this offer,Any 2 for £4.00
2015-11-19 05:00:09.280262,TESCO,211814,"Yoghurt, small individual",Active & Cholesterol Lowering Yoghurt,yogurt single,0.0,ACTIVIA BREAKFAST TOPPER VANILLA 160G,£1.00,1.0,(£0.63/100g),0.63,100,g,6.3,kg,All products available for this offer,Any 4 for £3.00
2015-11-19 05:00:09.281759,TESCO,211814,"Yoghurt, small individual",Active & Cholesterol Lowering Yoghurt,yogurt single,0.0,ACTIVIA NATURAL LOW FAT YOGHURT 500G,£1.40,1.4,(£0.28/100g),0.28,100,g,2.8,kg,,
2015-11-19 05:00:09.297868,TESCO,211814,"Yoghurt, small individual",Kids Yoghurt,yogurt single,0.0,MUNCH BUNCH DOUBLE UP STRAWBERRY RASPBERRY YOGH...,£1.70,1.7,(£0.50/100g),0.5,100,g,5.0,kg,All products available for this offer,Any 2 for £2.00
2015-11-19 05:00:09.299369,TESCO,211814,"Yoghurt, small individual",Kids Yoghurt,yogurt single,0.0,WILDLIFE FROMAGE FRAIS 18X45G,£2.00,2.0,(£0.25/100g),0.25,100,g,2.5,kg,,
2015-11-19 05:00:09.301440,TESCO,211814,"Yoghurt, small individual",Kids Yoghurt,yogurt single,0.0,MUNCH BUNCH FROMAGE FRAIS REDUCED SUGAR 6 X 42G,£1.60,1.6,(£0.64/100g),0.64,100,g,6.4,kg,All products available for this offer,Any 2 for £2.00
2015-11-19 05:00:09.302968,TESCO,211814,"Yoghurt, small individual",Kids Yoghurt,yogurt single,0.0,MUNCH BUNCH SQUASHUM STRAWBERRY AND RASPBERRY 6...,£2.00,2.0,(£0.56/100g),0.56,100,g,5.6,kg,All products available for this offer,Any 2 for £3.00
2015-11-19 05:00:09.304499,TESCO,211814,"Yoghurt, small individual",Kids Yoghurt,yogurt single,0.0,MUNCH BUNCH WHOLE MILK FRUIT VARIETY 4X100G,£1.60,1.6,(£0.40/100g),0.4,100,g,4.0,kg,All products available for this offer,Any 2 for £2.00
2015-11-19 05:00:09.305972,TESCO,211814,"Yoghurt, small individual",Kids Yoghurt,yogurt single,0.0,FRUBES POUCHES STRAWBERRY AND RASPBERRY 6X70G,£2.00,2.0,(£0.48/100g),0.48,100,g,4.8,kg,All products available for this offer,Any 2 for £3.00
2015-11-19 05:00:09.307434,TESCO,211814,"Yoghurt, small individual",Kids Yoghurt,yogurt single,0.0,THOMAS AND FRIENDS FROMAGE FRAIS 6X45G,£1.00,1.0,(£0.37/100g),0.37,100,g,3.7,kg,,
2015-11-19 05:00:09.308871,TESCO,211814,"Yoghurt, small individual",Kids Yoghurt,yogurt single,0.0,GOODNESS FROMAGE FRAIS 4 X 80G,£1.00,1.0,(£0.31/100g),0.31,100,g,3.1,kg,,
2015-11-19 05:00:09.310259,TESCO,211814,"Yoghurt, small individual",Kids Yoghurt,yogurt single,0.0,PETIS FILOUS MAGIC SQUARES STRAWBERRY / VANILLA...,£1.00,1.0,(£0.31/100g),0.31,100,g,3.1,kg,SAVE 80p Was £1.80 Now £1.00 - all products for this offer,SAVE 80p Was £1.80 Now £1.00
2015-11-19 05:00:09.311812,TESCO,211814,"Yoghurt, small individual",Kids Yoghurt,yogurt single,0.0,PETITS FILOUS STRAWBERRY FROMAGE FRAIS 6X47G,£1.00,1.0,(£0.36/100g),0.36,100,g,3.6,kg,SAVE 50p Was £1.50 Now £1.00 - all products for this offer,SAVE 50p Was £1.50 Now £1.00
2015-11-19 05:00:09.313350,TESCO,211814,"Yoghurt, small individual",Kids Yoghurt,yogurt single,0.0,PETITS FILOUS STRAWBERRY AND BANANA FROMAGE FRA...,£1.00,1.0,(£0.36/100g),0.36,100,g,3.6,kg,SAVE 50p Was £1.50 Now £1.00 - all products for this offer,SAVE 50p Was £1.50 Now £1.00
2015-11-19 05:00:09.314822,TESCO,211814,"Yoghurt, small individual",Kids Yoghurt,yogurt single,0.0,LITTLE YEOS FROMAGE FRAIS STRAWBERRY RASPBERRY ...,£1.75,1.75,(£0.65/100g),0.65,100,g,6.5,kg,All products available for this offer,Any 2 for £2.50
2015-11-19 05:00:09.316318,TESCO,211814,"Yoghurt, small individual",Kids Yoghurt,yogurt single,0.0,PETITS FILOUS STRAWBERRY & RASPBERRY YOGHURT 4X...,£1.00,1.0,(£0.25/100g),0.25,100,g,2.5,kg,SAVE 50p Was £1.50 Now £1.00 - all products for this offer,SAVE 50p Was £1.50 Now £1.00
2015-11-19 05:00:09.317784,TESCO,211814,"Yoghurt, small individual",Kids Yoghurt,yogurt single,0.0,LITTLE YEOS FROMAGE FRAIS RASPBERRY APRICOT 6 P...,£1.75,1.75,(£0.65/100g),0.65,100,g,6.5,kg,All products available for this offer,Any 2 for £2.50
2015-11-19 05:00:09.319246,TESCO,211814,"Yoghurt, small individual",Kids Yoghurt,yogurt single,0.0,MULLER CORNER KIDS BLAST OFF YOGHURT 4X135G,£2.40,2.4,(£0.44/100g),0.44,100,g,4.4,kg,All products available for this offer,Any 2 for £3.00
2015-11-19 05:00:09.320761,TESCO,211814,"Yoghurt, small individual",Kids Yoghurt,yogurt single,0.0,MULLER CORNER KIDS SEASONAL 4 PACK (4X135G),£2.40,2.4,(£4.45/kg),4.45,1.0,kg,4.45,kg,All products available for this offer,Any 2 for £3.00
2015-11-19 05:00:09.322261,TESCO,211814,"Yoghurt, small individual",Kids Yoghurt,yogurt single,0.0,DISNEY FROZEN STRAWBERRY AND MIXED BERRY YOGHUR...,£1.60,1.6,(£0.32/100g),0.32,100,g,3.2,kg,All products available for this offer,Any 2 for £3.00
2015-11-19 05:00:09.323786,TESCO,211814,"Yoghurt, small individual",Kids Yoghurt,yogurt single,0.0,NESTLE SMARTIES SPLIT POT YOGURTS 4X120G,£1.75,1.75,(£0.37/100g),0.37,100,g,3.7,kg,,
2015-11-19 05:00:09.325200,TESCO,211814,"Yoghurt, small individual",Kids Yoghurt,yogurt single,0.0,MUNCH BUNCH FRUIT VARIETY FROMAGE FRAIS 6X42G,£1.60,1.6,(£0.64/100g),0.64,100,g,6.4,kg,All products available for this offer,Any 2 for £2.00
2015-11-19 05:00:09.326658,TESCO,211814,"Yoghurt, small individual",Kids Yoghurt,yogurt single,0.0,PEPPA PIG STRAWBERRY JELLY 75G,£0.50,0.5,(£0.67/100g),0.67,100,g,6.7,kg,,
2015-11-19 05:00:09.425314,TESCO,211807,Yoghurt/Fromage Frais ,Natural & Greek Yoghurt,fromage frais,0.0,YEO VALLEY NATURAL YOGHURT 1KG,£2.50,2.5,(£0.25/100g),0.25,100,g,2.5,kg,,
2015-11-19 05:00:09.426787,TESCO,211807,Yoghurt/Fromage Frais ,Natural & Greek Yoghurt,fromage frais,0.0,YEO VALLEY 0% FAT NATURAL YOGHURT 150G,£0.50,0.5,(£0.33/100g),0.33,100,g,3.3,kg,,
2015-11-19 05:00:09.428254,TESCO,211807,Yoghurt/Fromage Frais ,Natural & Greek Yoghurt,fromage frais,0.0,TESCO LOW FAT GREEK STYLE YOGHURT 500G,£1.00,1.0,(£0.20/100g),0.2,100,g,2.0,kg,,
2015-11-19 05:00:09.429679,TESCO,211807,Yoghurt/Fromage Frais ,Natural & Greek Yoghurt,fromage frais,0.0,MULLER CORNER BLISS RASPBERRY 4X110G,£1.34,1.34,(£0.31/100g),0.31,100,g,3.1,kg,Half Price Was £2.69 Now £1.34 - all products for this offer,Half Price Was £2.69 Now £1.34
2015-11-19 05:00:09.431181,TESCO,211807,Yoghurt/Fromage Frais ,Natural & Greek Yoghurt,fromage frais,0.0,MULLER LIGHT GREEK MANGO YOGHURT 4X120G,£2.49,2.49,(£0.52/100g),0.52,100,g,5.2,kg,All products available for this offer,Any 2 for £4.00
2015-11-19 05:00:09.432746,TESCO,211807,Yoghurt/Fromage Frais ,Natural & Greek Yoghurt,fromage frais,0.0,TESCO GREEK STYLE YOGHURT 4 X 100G,£1.00,1.0,(£0.25/100g),0.25,100,g,2.5,kg,,
2015-11-19 05:00:09.434136,TESCO,211807,Yoghurt/Fromage Frais ,Natural & Greek Yoghurt,fromage frais,0.0,ONKEN NATURAL SET YOGHURT 500G,£1.20,1.2,(£0.24/100g),0.24,100,g,2.4,kg,,
2015-11-19 05:00:09.439689,TESCO,211807,Yoghurt/Fromage Frais ,Natural & Greek Yoghurt,fromage frais,0.0,MULLER LIGHT GREEK STYLE CHERRY YOGHURT 4X120G,£2.49,2.49,(£0.52/100g),0.52,100,g,5.2,kg,All products available for this offer,Any 2 for £4.00
2015-11-19 05:00:09.441265,TESCO,211807,Yoghurt/Fromage Frais ,Natural & Greek Yoghurt,fromage frais,0.0,TESCO GREEK STYLE YOGHURT 200G,£0.50,0.5,(£0.25/100g),0.25,100,g,2.5,kg,,
2015-11-19 05:00:09.442680,TESCO,211807,Yoghurt/Fromage Frais ,Natural & Greek Yoghurt,fromage frais,0.0,YEO VALLEY NATURAL YOGHURT 4X120G,£1.50,1.5,(£0.31/100g),0.31,100,g,3.1,kg,,
2015-11-19 05:00:09.444205,TESCO,211807,Yoghurt/Fromage Frais ,Natural & Greek Yoghurt,fromage frais,0.0,MULLER LIGHT GREEK TOFFEE YOGHURT 4X120G,£2.49,2.49,(£0.52/100g),0.52,100,g,5.2,kg,All products available for this offer,Any 2 for £4.00
2015-11-19 05:00:09.445735,TESCO,211807,Yoghurt/Fromage Frais ,Natural & Greek Yoghurt,fromage frais,0.0,LIBERTE FAT FREE GREEK STRAWBERRY YOGHURT 4X100...,£2.20,2.2,(£0.55/100g),0.55,100,g,5.5,kg,All products available for this offer,Any 2 for £3.00
2015-11-19 05:00:09.447452,TESCO,211807,Yoghurt/Fromage Frais ,Natural & Greek Yoghurt,fromage frais,0.0,MULLER LIGHT FRUITOPOLIS CHERRY 4X130G,£2.49,2.49,(£0.48/100g),0.48,100,g,4.8,kg,All products available for this offer,Any 2 for £4.00
2015-11-19 05:00:09.448986,TESCO,211807,Yoghurt/Fromage Frais ,Natural & Greek Yoghurt,fromage frais,0.0,TESCO GREEK STYLE HONEY YOGHURT 450G,£1.10,1.1,(£0.24/100g),0.24,100,g,2.4,kg,,
2015-11-19 05:00:09.454387,TESCO,211807,Yoghurt/Fromage Frais ,Natural & Greek Yoghurt,fromage frais,0.0,LIBERTE FAT FREE GREEK BLUEBERRY YOGHURT 4X100G,£2.20,2.2,(£0.55/100g),0.55,100,g,5.5,kg,All products available for this offer,Any 2 for £3.00
2015-11-19 05:00:09.455955,TESCO,211807,Yoghurt/Fromage Frais ,Natural & Greek Yoghurt,fromage frais,0.0,ONKEN FAT FREE NATURAL YOGHURT 450G,£1.20,1.2,(£0.27/100g),0.27,100,g,2.7,kg,,
2015-11-19 05:00:09.457405,TESCO,211807,Yoghurt/Fromage Frais ,Natural & Greek Yoghurt,fromage frais,0.0,MULLER CORNER GREEK STRAWBERRY YOGHURT 4X150G,£1.34,1.34,(£0.22/100g),0.22,100,g,2.2,kg,Half Price Was £2.69 Now £1.34 - all products for this offer,Half Price Was £2.69 Now £1.34
2015-11-19 05:00:09.458901,TESCO,211807,Yoghurt/Fromage Frais ,Natural & Greek Yoghurt,fromage frais,0.0,MULLER LIGHT FRUITOPOLIS STRAWBERRY 4X130G,£2.49,2.49,(£0.48/100g),0.48,100,g,4.8,kg,All products available for this offer,Any 2 for £4.00
2015-11-19 05:00:09.460454,TESCO,211807,Yoghurt/Fromage Frais ,Natural & Greek Yoghurt,fromage frais,0.0,YEO VALLEY 0% FAT NATURAL YOGHURT 500G,£1.50,1.5,(£0.30/100g),0.3,100,g,3.0,kg,,
2015-11-19 05:00:09.461947,TESCO,211807,Yoghurt/Fromage Frais ,Natural & Greek Yoghurt,fromage frais,0.0,LIBERTE GREEK YOGHURT MANGO 4 X 100G,£2.20,2.2,(£0.55/100g),0.55,100,g,5.5,kg,All products available for this offer,Any 2 for £3.00
2015-11-19 05:00:09.471377,TESCO,211814,"Yoghurt, small individual",Yoghurt Drinks,yogurt single,0.0,BENECOL PEACH AND APRICOT YOGHURT DRINK 6X67.5G,£3.75,3.75,(£0.93/100g),0.93,100,g,9.3,kg,All products available for this offer,Any 2 for £6.00
2015-11-19 05:00:09.472910,TESCO,211814,"Yoghurt, small individual",Yoghurt Drinks,yogurt single,0.0,TESCO CHOLESTEROL REDUCING APRICOT AND PEACH YO...,£2.25,2.25,(£0.38/100g),0.38,100,g,3.8,kg,,
2015-11-19 05:00:09.474299,TESCO,211814,"Yoghurt, small individual",Yoghurt Drinks,yogurt single,0.0,BENECOL FAT FREE GARDEN FRUITS YOGHURT 4X125G,£2.40,2.4,(£0.48/100g),0.48,100,g,4.8,kg,All products available for this offer,Any 2 for £4.00
2015-11-19 05:00:09.479703,TESCO,211814,"Yoghurt, small individual",Yoghurt Drinks,yogurt single,0.0,BENECOL RASPBERRY YOGHURT DRINK 6X67.5G,£3.75,3.75,(£0.93/100g),0.93,100,g,9.3,kg,All products available for this offer,Any 2 for £6.00
2015-11-19 05:00:09.481247,TESCO,211814,"Yoghurt, small individual",Yoghurt Drinks,yogurt single,0.0,BENECOL SUMMERFRUITS YOGHURT 4X120G,£2.40,2.4,(£0.50/100g),0.5,100,g,5.0,kg,All products available for this offer,Any 2 for £4.00
2015-11-19 05:00:09.482725,TESCO,211814,"Yoghurt, small individual",Yoghurt Drinks,yogurt single,0.0,ACTIMEL STRAWBERRY AND BLUEBERRY DRINK 12X100G,£3.50,3.5,(£0.29/100g),0.29,100,g,2.9,kg,All products available for this offer,Any 2 for £5.50
2015-11-19 05:00:09.484246,TESCO,211814,"Yoghurt, small individual",Yoghurt Drinks,yogurt single,0.0,FLORA PRO.ACTIV STRAWBERRY YOGHURT MINI DRINK 6...,£3.00,3.0,(£0.50/100g),0.5,100,g,5.0,kg,,
2015-11-19 05:00:09.485657,TESCO,211814,"Yoghurt, small individual",Yoghurt Drinks,yogurt single,0.0,UFIT PROTEIN SHAKE DRINK CHOCOLATE 310ML,£1.00,1.0,(£0.32/100ml),0.32,100,ml,3.2,l,Half Price Was £2.00 Now £1.00 - all products for this offer,Half Price Was £2.00 Now £1.00
2015-11-19 05:00:09.487135,TESCO,211814,"Yoghurt, small individual",Yoghurt Drinks,yogurt single,0.0,TESCO CHOLESTEROL REDUCING STRAWBERRY YOGHURT D...,£2.25,2.25,(£0.38/100g),0.38,100,g,3.8,kg,,
2015-11-19 05:00:09.488584,TESCO,211814,"Yoghurt, small individual",Yoghurt Drinks,yogurt single,0.0,ACTIMEL RASPBERRY DRINK 8X100G,£2.75,2.75,(£0.34/100g),0.34,100,g,3.4,kg,All products available for this offer,Any 2 for £4.00
2015-11-19 05:00:09.492866,TESCO,211814,"Yoghurt, small individual",Dairy Free & Goats Yoghurt,yogurt single,0.0,ST HELEN'S FARM GOATS YOGHURT FAT FREE 450G,£2.30,2.3,(£0.51/100g),0.51,100,g,5.1,kg,,
2015-11-19 05:00:09.496987,TESCO,211814,"Yoghurt, small individual",Yoghurt Drinks,yogurt single,0.0,FLORA PRO.ACTIV P/GRAN YOGHURT MINI DRINK 6X100...,£3.00,3.0,(£0.50/100ml),0.5,100,ml,5.0,l,,
2015-11-19 05:00:09.498420,TESCO,211814,"Yoghurt, small individual",Yoghurt Drinks,yogurt single,0.0,FRUBES MINIONS DRINK STRAWBERRY 4 X 180G,£2.40,2.4,(£1.34/100g),1.34,100,g,13.4,kg,All products available for this offer,Any 2 for £3.00
2015-11-19 05:00:09.499935,TESCO,211814,"Yoghurt, small individual",Yoghurt Drinks,yogurt single,0.0,UFIT PROTEIN SHAKE DRINK STRAWBERRY 310ML,£1.00,1.0,(£0.32/100ml),0.32,100,ml,3.2,l,Half Price Was £2.00 Now £1.00 - all products for this offer,Half Price Was £2.00 Now £1.00
2015-11-19 05:00:09.501445,TESCO,211814,"Yoghurt, small individual",Yoghurt Drinks,yogurt single,0.0,FRUBES MINIONS DRINK STRAWBERRY AND BANANA 4X18...,£2.40,2.4,(£0.33/100g),0.33,100,g,3.3,kg,All products available for this offer,Any 2 for £3.00
2015-11-19 05:00:09.502954,TESCO,211814,"Yoghurt, small individual",Yoghurt Drinks,yogurt single,0.0,FOR GOODNESS SHAKES RECOVERY MILK CHOCOLATE 475...,£1.39,1.39,(£0.29/100ml),0.29,100,ml,2.9,l,SAVE 31p Was £1.70 Now £1.39 - all products for this offer,SAVE 31p Was £1.70 Now £1.39
2015-11-19 05:00:09.504552,TESCO,211814,"Yoghurt, small individual",Yoghurt Drinks,yogurt single,0.0,TESCO BLUEBERRY YOGHURT DRINKS 6 X 100G,£1.20,1.2,(£0.20/100g),0.2,100,g,2.0,kg,,
2015-11-19 05:00:09.505958,TESCO,211814,"Yoghurt, small individual",Yoghurt Drinks,yogurt single,0.0,UPBEAT PROTEIN DRINK STRAWBERRY 250ML,£1.75,1.75,(£0.70/100ml),0.7,100,ml,7.0,l,,
2015-11-19 05:00:09.507394,TESCO,211814,"Yoghurt, small individual",Yoghurt Drinks,yogurt single,0.0,UFIT PRO50 PROTEIN DRINK CHOCOLATE 500ML,£3.75,3.75,(£0.75/100ml),0.75,100,ml,7.5,l,,
2015-11-19 05:00:09.508859,TESCO,211814,"Yoghurt, small individual",Yoghurt Drinks,yogurt single,0.0,UFIT PRO50 PROTEIN DRINK STRAWBERRY 500ML,£3.75,3.75,(£0.75/100ml),0.75,100,ml,7.5,l,,
2015-11-19 05:00:09.510267,TESCO,211814,"Yoghurt, small individual",Yoghurt Drinks,yogurt single,0.0,FOR GOODNESS SHAKES RECOVERY VANILLA 475ML,£1.39,1.39,(£0.29/100ml),0.29,100,ml,2.9,l,SAVE 31p Was £1.70 Now £1.39 - all products for this offer,SAVE 31p Was £1.70 Now £1.39
2015-11-19 05:00:09.583176,TESCO,211807,Yoghurt/Fromage Frais ,Multipack Yoghurts,fromage frais,0.0,MULLER LIGHT CHOCOLATE YOGHURT 6X165G,£1.94,1.94,(£0.20/100g),0.2,100,g,2.0,kg,Half Price Was £3.89 Now £1.94 - all products for this offer,Half Price Was £3.89 Now £1.94
2015-11-19 05:00:09.584735,TESCO,211807,Yoghurt/Fromage Frais ,Multipack Yoghurts,fromage frais,0.0,TESCO GOODNESS POUCHES STRAWBERRY AND RASPBERRY...,£1.00,1.0,(£0.31/100g),0.31,100,g,3.1,kg,,
2015-11-19 05:00:09.586741,TESCO,211807,Yoghurt/Fromage Frais ,Multipack Yoghurts,fromage frais,0.0,MULLER LIGHT VANILLA AND CHOCOLATE YOGHURT 165G,£0.68,0.68,(£0.41/100g),0.41,100,g,4.1,kg,All products available for this offer,Any 6 for £3.00
2015-11-19 05:00:09.588300,TESCO,211807,Yoghurt/Fromage Frais ,Multipack Yoghurts,fromage frais,0.0,FRUBES LIMITED EDITION 9 X 40G,£2.00,2.0,(£0.56/100g),0.56,100,g,5.6,kg,All products available for this offer,Any 2 for £3.00
2015-11-19 05:00:09.589768,TESCO,211807,Yoghurt/Fromage Frais ,Multipack Yoghurts,fromage frais,0.0,MULLER LIGHT GREEK LUSCIOUS LEMON YOGHURT 4X120...,£2.49,2.49,(£0.52/100g),0.52,100,g,5.2,kg,All products available for this offer,Any 2 for £4.00
2015-11-19 05:00:09.591243,TESCO,211807,Yoghurt/Fromage Frais ,Multipack Yoghurts,fromage frais,0.0,ACTIVIA 0% FAT PEACH YOGHURT 4X125G,£2.00,2.0,(£0.40/100g),0.4,100,g,4.0,kg,All products available for this offer,Any 2 for £3.00
2015-11-19 05:00:09.592745,TESCO,211807,Yoghurt/Fromage Frais ,Multipack Yoghurts,fromage frais,0.0,MULLER LIGHT TOFFEE AND VANILLA YOGHURT 6X175G,£1.94,1.94,(£0.19/100g),0.19,100,g,1.9,kg,Half Price Was £3.89 Now £1.94 - all products for this offer,Half Price Was £3.89 Now £1.94
2015-11-19 05:00:09.594213,TESCO,211807,Yoghurt/Fromage Frais ,Multipack Yoghurts,fromage frais,0.0,YEO VALLEY ORGANIC LITTLE YEOS YOGHURT 4X90G,£1.75,1.75,(£0.49/100g),0.49,100,g,4.9,kg,All products available for this offer,Any 2 for £2.50
2015-11-19 05:00:09.595699,TESCO,211807,Yoghurt/Fromage Frais ,Multipack Yoghurts,fromage frais,0.0,MULLER CORNER BLISS LEMON 4X110G,£1.34,1.34,(£0.31/100g),0.31,100,g,3.1,kg,Half Price Was £2.69 Now £1.34 - all products for this offer,Half Price Was £2.69 Now £1.34
2015-11-19 05:00:09.597233,TESCO,211807,Yoghurt/Fromage Frais ,Multipack Yoghurts,fromage frais,0.0,MUNCH BUNCH DOUBLE UP STRAWBERRY AND BANANA YOG...,£1.70,1.7,(£0.50/100g),0.5,100,g,5.0,kg,All products available for this offer,Any 2 for £2.00
2015-11-19 05:00:09.598720,TESCO,211807,Yoghurt/Fromage Frais ,Multipack Yoghurts,fromage frais,0.0,ACTIVIA 0% FAT RASPBERRY YOGHURT 4X125G,£2.00,2.0,(£0.40/100g),0.4,100,g,4.0,kg,All products available for this offer,Any 2 for £3.00
2015-11-19 05:00:09.600255,TESCO,211807,Yoghurt/Fromage Frais ,Multipack Yoghurts,fromage frais,1.0,PETITS FILOUS FROMAGE FRAIS 18X47G,£3.00,3.0,(£0.36/100g),0.36,100,g,3.6,kg,,
2015-11-19 05:00:09.601651,TESCO,211807,Yoghurt/Fromage Frais ,Multipack Yoghurts,fromage frais,0.0,YEO VALLEY FRUIT FAVOURTIES YOGHURT 4X120G,£1.75,1.75,(£0.37/100g),0.37,100,g,3.7,kg,All products available for this offer,Any 2 for £3.00
2015-11-19 05:00:09.603143,TESCO,211807,Yoghurt/Fromage Frais ,Multipack Yoghurts,fromage frais,1.0,WEIGHT WATCHERS BERRY CHERRY FROMAGE FRAIS 4X10...,£1.00,1.0,(£0.25/100g),0.25,100,g,2.5,kg,,
2015-11-19 05:00:09.604582,TESCO,211807,Yoghurt/Fromage Frais ,Multipack Yoghurts,fromage frais,0.0,ACTIVIA INTENSELY CREAMY STRAWBERRY 4X110G,£2.40,2.4,(£0.55/100g),0.55,100,g,5.5,kg,All products available for this offer,Any 2 for £4.00
2015-11-19 05:00:09.606049,TESCO,211807,Yoghurt/Fromage Frais ,Multipack Yoghurts,fromage frais,0.0,SKI VARIETY FRUIT YOGHURT 4X120G,£1.00,1.0,(£0.21/100g),0.21,100,g,2.1,kg,,
2015-11-19 05:00:09.607879,TESCO,211807,Yoghurt/Fromage Frais ,Multipack Yoghurts,fromage frais,0.0,ACTIVIA 0% FAT RED FRUITS YOGHURT 8X125G,£2.90,2.9,(£0.29/100g),0.29,100,g,2.9,kg,,
2015-11-19 05:00:09.609372,TESCO,211807,Yoghurt/Fromage Frais ,Multipack Yoghurts,fromage frais,0.0,WEIGHT WATCHERS DESSERT STYLE YOGHURT 4X120G,£1.00,1.0,(£0.21/100g),0.21,100,g,2.1,kg,,
2015-11-19 05:00:09.610786,TESCO,211807,Yoghurt/Fromage Frais ,Multipack Yoghurts,fromage frais,1.0,MUNCH BUNCH FRUIT FROMAGE FRAIS 6X42G,£1.60,1.6,(£0.64/100g),0.64,100,g,6.4,kg,All products available for this offer,Any 2 for £2.00
2015-11-19 05:00:09.612338,TESCO,211807,Yoghurt/Fromage Frais ,Multipack Yoghurts,fromage frais,0.0,PETIS FILOUS MAGIC SQUARES RASPBERRY / VANILLA ...,£1.00,1.0,(£0.31/100g),0.31,100,g,3.1,kg,SAVE 80p Was £1.80 Now £1.00 - all products for this offer,SAVE 80p Was £1.80 Now £1.00
2015-11-19 05:00:09.641961,TESCO,211501,"Cheese Cheddar, home produced, per kg",Cheddar Cheese,british cheddar,0.5,TESCO EVERYDAY VALUE MILD CHEDDAR SLICES 240G,£1.30,1.3,(£5.42/kg),5.42,1.0,kg,5.42,kg,,
2015-11-19 05:00:09.643427,TESCO,211501,"Cheese Cheddar, home produced, per kg",Cheddar Cheese,british cheddar,1.0,TESCO BRITISH 10 MEDIUM CHEDDAR SLICES 250G,£2.00,2.0,(£8.00/kg),8.0,1.0,kg,8.0,kg,All products available for this offer,Any 2 for £3.00
2015-11-19 05:00:09.645567,TESCO,211501,"Cheese Cheddar, home produced, per kg",Cheddar Cheese,british cheddar,0.5,CATHEDRAL CITY VINTAGE CHEDDAR 300G,£2.00,2.0,(£6.67/kg),6.67,1.0,kg,6.67,kg,Half Price Was £4.00 Now £2.00 - all products for this offer,Half Price Was £4.00 Now £2.00
2015-11-19 05:00:09.647082,TESCO,211501,"Cheese Cheddar, home produced, per kg",Cheddar Cheese,british cheddar,0.5,PILGRIMS CHOICE VINTAGE WHITE CHEDDAR 300G,£4.00,4.0,(£13.34/kg),13.34,1.0,kg,13.34,kg,,
2015-11-19 05:00:09.648557,TESCO,211501,"Cheese Cheddar, home produced, per kg",Cheddar Cheese,british cheddar,0.5,TESCO FINEST EXTRA MATURE CHEDDAR 400G,£3.50,3.5,(£8.75/kg),8.75,1.0,kg,8.75,kg,,
2015-11-19 05:00:09.649966,TESCO,211501,"Cheese Cheddar, home produced, per kg",Cheddar Cheese,british cheddar,0.5,CATHEDRAL CITY MILD CHEDDAR 350G,£3.00,3.0,(£8.58/kg),8.58,1.0,kg,8.58,kg,SAVE £1.00 Was £4.00 Now £3.00 - all products for this offer,SAVE £1.00 Was £4.00 Now £3.00
2015-11-19 05:00:09.651445,TESCO,211501,"Cheese Cheddar, home produced, per kg",Cheddar Cheese,british cheddar,0.5,TESCO MILD WHITE CHEDDAR 200G,£1.40,1.4,(£7.00/kg),7.0,1.0,kg,7.0,kg,,
2015-11-19 05:00:09.652892,TESCO,211501,"Cheese Cheddar, home produced, per kg",Cheddar Cheese,british cheddar,0.0,PILGRIMS CHOICE LIGHTER MATURE CHEESE 350G,£4.00,4.0,(£11.43/kg),11.43,1.0,kg,11.43,kg,,
2015-11-19 05:00:09.654288,TESCO,211501,"Cheese Cheddar, home produced, per kg",Cheddar Cheese,british cheddar,0.0,TESCO 10 RED LEICESTER SLICES 250G,£2.00,2.0,(£8.00/kg),8.0,1.0,kg,8.0,kg,All products available for this offer,Any 2 for £3.00
2015-11-19 05:00:09.655809,TESCO,211501,"Cheese Cheddar, home produced, per kg",Cheddar Cheese,british cheddar,0.0,CATHEDRAL CITY MATURED SLICED 150G,£1.95,1.95,(£13.00/kg),13.0,1.0,kg,13.0,kg,All products available for this offer,Any 2 for £3.50
2015-11-19 05:00:09.657337,TESCO,211501,"Cheese Cheddar, home produced, per kg",Cheddar Cheese,british cheddar,0.5,TESCO GOODNESS MILD CHEDDAR STICK 100G,£1.00,1.0,(£10.00/kg),10.0,1.0,kg,10.0,kg,,
2015-11-19 05:00:09.658771,TESCO,211501,"Cheese Cheddar, home produced, per kg",Cheddar Cheese,british cheddar,0.5,TESCO MATURE WHITE CHEDDAR 200G,£1.40,1.4,(£7.00/kg),7.0,1.0,kg,7.0,kg,,
2015-11-19 05:00:09.660233,TESCO,211501,"Cheese Cheddar, home produced, per kg",Cheddar Cheese,british cheddar,1.0,TESCO BRITISH MILD 10 CHEDDAR SLICES 250G,£2.00,2.0,(£8.00/kg),8.0,1.0,kg,8.0,kg,All products available for this offer,Any 2 for £3.00
2015-11-19 05:00:09.661711,TESCO,211501,"Cheese Cheddar, home produced, per kg",Cheddar Cheese,british cheddar,0.5,PILGRIMS CHOICE MATURE CHEDDAR 550G,£3.00,3.0,(£5.46/kg),5.46,1.0,kg,5.46,kg,SAVE £2.50 Was £5.50 Now £3.00 - all products for this offer,SAVE £2.50 Was £5.50 Now £3.00
2015-11-19 05:00:09.663192,TESCO,211501,"Cheese Cheddar, home produced, per kg",Cheddar Cheese,british cheddar,0.5,CATHEDRAL CITY MATURE CHEDDAR 200G,£2.75,2.75,(£13.75/kg),13.75,1.0,kg,13.75,kg,,
2015-11-19 05:00:09.664649,TESCO,211501,"Cheese Cheddar, home produced, per kg",Cheddar Cheese,british cheddar,0.0,TESCO LIGHTER MATURE SLICES 250G,£2.00,2.0,(£8.00/kg),8.0,1.0,kg,8.0,kg,All products available for this offer,Any 2 for £3.00
2015-11-19 05:00:09.666163,TESCO,211501,"Cheese Cheddar, home produced, per kg",Cheddar Cheese,british cheddar,0.5,DAVIDSTOW MATURE CORNISH CLASSIC CHEDDAR 200G,£2.00,2.0,(£10.00/kg),10.0,1.0,kg,10.0,kg,SAVE £1.00 Was £3.00 Now £2.00 - all products for this offer,SAVE £1.00 Was £3.00 Now £2.00
2015-11-19 05:00:09.667680,TESCO,211501,"Cheese Cheddar, home produced, per kg",Cheddar Cheese,british cheddar,0.5,DAVIDSTOW MATURE CORNISH CLASSIC CHEDDAR 350G,£4.00,4.0,(£11.43/kg),11.43,1.0,kg,11.43,kg,,
2015-11-19 05:00:09.669112,TESCO,211501,"Cheese Cheddar, home produced, per kg",Cheddar Cheese,british cheddar,0.0,TESCO FINEST ST DAVID'S GOLD MATURE 350G,£2.00,2.0,(£5.72/kg),5.72,1.0,kg,5.72,kg,Half Price Was £4.00 Now £2.00 - all products for this offer,Half Price Was £4.00 Now £2.00
2015-11-19 05:00:09.670604,TESCO,211501,"Cheese Cheddar, home produced, per kg",Cheddar Cheese,british cheddar,0.0,DAVIDSTOW EXTRA MATURE CRACKLER 320G,£4.00,4.0,(£12.50/kg),12.5,1.0,kg,12.5,kg,,
2015-11-19 05:00:09.740651,TESCO,211709,"Shop Milk, whole milk",Fresh Milk,whole,0.0,NESQUIK CHOCOLATE POWDER 300G,£1.99,1.99,(£0.66/100g),0.66,100,g,6.6,kg,,
2015-11-19 05:00:09.742072,TESCO,211709,"Shop Milk, whole milk",Fresh Milk,whole,0.0,ALPRO FRESH UNSWEETENED ALMOND MILK ALTERNATIVE...,£1.80,1.8,(£0.18/100ml),0.18,100,ml,1.8,l,,
2015-11-19 05:00:09.743458,TESCO,211709,"Shop Milk, whole milk",Fresh Milk,whole,0.0,NESQUIK BANANA POWDER 300G,£1.99,1.99,(£0.66/100g),0.66,100,g,6.6,kg,,
2015-11-19 05:00:09.745509,TESCO,211709,"Shop Milk, whole milk",Fresh Milk,whole,0.0,CRAVENDALE SKIMMED MILK 2 LITRE,£1.90,1.9,(£0.95/l),0.95,1.0,l,0.95,l,All products available for this offer,Any 2 for £3.00
2015-11-19 05:00:09.746994,TESCO,211709,"Shop Milk, whole milk",Fresh Milk,whole,0.0,TESCO BRITISH SEMI SKIMMED LONGLIFE MILK 6X1L,£4.75,4.75,(£0.79/l),0.79,1.0,l,0.79,l,,
2015-11-19 05:00:09.748418,TESCO,211709,"Shop Milk, whole milk",Fresh Milk,whole,0.0,ALPRO FRESH ORIGINAL SOYA MILK ALTERNATIVE 1 LI...,£1.40,1.4,(£1.11/l),1.11,1.0,l,1.11,l,,
2015-11-19 05:00:09.749788,TESCO,211709,"Shop Milk, whole milk",Fresh Milk,whole,0.0,YEO VALLEY ORGANIC SEMI SKIMMED MILK 1L,£1.10,1.1,(£1.10/l),1.1,1.0,l,1.1,l,,
2015-11-19 05:00:09.751161,TESCO,211709,"Shop Milk, whole milk",Fresh Milk,whole,0.0,T.SEMI-SKIMMED LONGLIFE MILK 1L,£0.90,0.9,(£0.90/l),0.9,1.0,l,0.9,l,,
2015-11-19 05:00:09.752578,TESCO,211709,"Shop Milk, whole milk",Fresh Milk,whole,0.0,CRAVENDALE PURE FILTERED S/SKIM MILK 1 LITRE,£1.00,1.0,(£1.00/l),1.0,1.0,l,1.0,l,SAVE 15p Was £1.15 Now £1.00 - all products for this offer,SAVE 15p Was £1.15 Now £1.00
2015-11-19 05:00:09.754024,TESCO,211709,"Shop Milk, whole milk",Fresh Milk,whole,0.0,TESCO LONGLIFE SWEETENED SOYA MILK ALTERNATIVE ...,£0.75,0.75,(£0.75/l),0.75,1.0,l,0.75,l,,
2015-11-19 05:00:09.755460,TESCO,211709,"Shop Milk, whole milk",Fresh Milk,whole,0.0,TESCO LONGLIFE EVERYDAY VALUE UNSWEETENED SOYA ...,£0.59,0.59,(£0.59/l),0.59,1.0,l,0.59,l,,
2015-11-19 05:00:09.756940,TESCO,211709,"Shop Milk, whole milk",Fresh Milk,whole,0.0,TESCO PURE BRITISH SKIMMED MILK 2L,£1.25,1.25,(£0.63/l),0.63,1.0,l,0.63,l,,
2015-11-19 05:00:09.758357,TESCO,211709,"Shop Milk, whole milk",Fresh Milk,whole,0.0,ALMOND BREEZE UNSWEETENED FRESH MILK ALTERNATIV...,£1.50,1.5,(£0.15/100ml),0.15,100,ml,1.5,l,All products available for this offer,Any 3 for £4.00
2015-11-19 05:00:09.759853,TESCO,211709,"Shop Milk, whole milk",Fresh Milk,whole,0.0,TESCO CHOCOLATE FLAVOURED MILK 1L,£1.20,1.2,(£0.12/100ml),0.12,100,ml,1.2,l,All products available for this offer,Any 2 for £2.00
2015-11-19 05:00:09.761350,TESCO,211709,"Shop Milk, whole milk",Fresh Milk,whole,0.0,TESCO ORGANIC BRITISH SEMI SKIMMED MILK 1.136L/...,£1.10,1.1,(£0.97/l),0.97,1.0,l,0.97,l,,
2015-11-19 05:00:09.762747,TESCO,211709,"Shop Milk, whole milk",Fresh Milk,whole,0.0,ALPRO FRESH LIGHT SOYA MILK ALTERNATIVE 1 LITRE,£1.40,1.4,(£1.40/l),1.4,1.0,l,1.4,l,,
2015-11-19 05:00:09.764164,TESCO,211709,"Shop Milk, whole milk",Fresh Milk,whole,1.0,TESCO PURE BRITISH WHOLE MILK 2L,£1.25,1.25,(£0.63/l),0.63,1.0,l,0.63,l,,
2015-11-19 05:00:09.765556,TESCO,211709,"Shop Milk, whole milk",Fresh Milk,whole,0.0,TESCO FINEST CHANNEL ISLAND MILK 1L,£1.00,1.0,(£1.00/l),1.0,1.0,l,1.0,l,,
2015-11-19 05:00:09.767657,TESCO,211709,"Shop Milk, whole milk",Fresh Milk,whole,0.0,TESCO SEMI SKIMMED LONGLIFE MILK 500ML,£0.54,0.54,(£1.08/l),1.08,1.0,l,1.08,l,,
2015-11-19 05:00:09.769122,TESCO,211709,"Shop Milk, whole milk",Fresh Milk,whole,1.0,YEO VALLEY ORGANIC WHOLE MILK 1L,£1.10,1.1,(£1.10/l),1.1,1.0,l,1.1,l,,
2015-11-19 05:00:09.792297,TESCO,211814,"Yoghurt, small individual",Corner Yoghurt,yogurt single,0.0,MULLER CORNER GREEK STRAWBERRY YOGHURT 4X150G,£1.34,1.34,(£0.22/100g),0.22,100,g,2.2,kg,Half Price Was £2.69 Now £1.34 - all products for this offer,Half Price Was £2.69 Now £1.34
2015-11-19 05:00:09.793827,TESCO,211814,"Yoghurt, small individual",Corner Yoghurt,yogurt single,0.0,TESCO SPLITPOT CHOCOLATE BALL RASIN YOGHURT 6X1...,£2.00,2.0,(£0.25/100g),0.25,100,g,2.5,kg,,
2015-11-19 05:00:09.795361,TESCO,211814,"Yoghurt, small individual",Corner Yoghurt,yogurt single,0.0,MULLER LIGHT GOODIES TOFFEE MILK CHOCOLATE 4 PA...,£1.34,1.34,(£0.34/each),0.34,1.0,each,0.34,each,Half Price Was £2.69 Now £1.34 - all products for this offer,Half Price Was £2.69 Now £1.34
2015-11-19 05:00:09.796914,TESCO,211814,"Yoghurt, small individual",Corner Yoghurt,yogurt single,0.0,MULLER CORNER VARIETY EDTION YOGHURT 6X 135G,£3.89,3.89,(£0.48/100g),0.48,100,g,4.8,kg,All products available for this offer,Any 2 for £5.00
2015-11-19 05:00:09.798440,TESCO,211814,"Yoghurt, small individual",Corner Yoghurt,yogurt single,0.0,MULLER CORNER FRUIT BLUEBERRY YOGHURT 150G,£0.68,0.68,(£0.45/100g),0.45,100,g,4.5,kg,All products available for this offer,Any 6 for £3.00
2015-11-19 05:00:09.800572,TESCO,211814,"Yoghurt, small individual",Corner Yoghurt,yogurt single,0.0,MULLER CORNER PUD. CHOC/CHOCO BALLS 3X4X85G,£2.50,2.5,(£0.74/100g),0.74,100,g,7.4,kg,All products available for this offer,Any 2 for £4.00
2015-11-19 05:00:09.802088,TESCO,211814,"Yoghurt, small individual",Corner Yoghurt,yogurt single,0.0,MULLER CORNER DESSERT INSPIRED 135G,£0.68,0.68,(£0.50/100g),0.5,100,g,5.0,kg,All products available for this offer,Any 6 for £3.00
2015-11-19 05:00:09.803600,TESCO,211814,"Yoghurt, small individual",Corner Yoghurt,yogurt single,0.0,MULLER CORNER PUD. 4X85G,£2.50,2.5,(£0.74/100g),0.74,100,g,7.4,kg,All products available for this offer,Any 2 for £4.00
2015-11-19 05:00:09.805141,TESCO,211814,"Yoghurt, small individual",Corner Yoghurt,yogurt single,0.0,DUPLES RASPBERRY YOGHURT SEEDS NIBS & COCONUT 1...,£1.00,1.0,(£0.68/100g),0.68,100,g,6.8,kg,SAVE 19p Was £1.19 Now £1.00 - all products for this offer,SAVE 19p Was £1.19 Now £1.00
2015-11-19 05:00:09.810769,TESCO,211814,"Yoghurt, small individual",Corner Yoghurt,yogurt single,0.0,MULLER CORNER PUD. TOFFEE DIGESTIVE 4X85G,£2.50,2.5,(£0.74/100g),0.74,100,g,7.4,kg,All products available for this offer,Any 2 for £4.00
2015-11-19 05:00:09.812372,TESCO,211814,"Yoghurt, small individual",Corner Yoghurt,yogurt single,0.0,TESCO SPLIT POT STRAWBERRY AND PEACH 6X150G,£2.00,2.0,(£0.22/100g),0.22,100,g,2.2,kg,,
2015-11-19 05:00:09.813794,TESCO,211814,"Yoghurt, small individual",Corner Yoghurt,yogurt single,0.0,MULLER CORNER BLISS STRAWBERRY 110G,£0.69,0.69,(£0.63/100g),0.63,100,g,6.3,kg,All products available for this offer,Any 6 for £3.00
2015-11-19 05:00:09.815296,TESCO,211814,"Yoghurt, small individual",Corner Yoghurt,yogurt single,0.0,THE COLLECTIVE DUPLES PASSION FRUIT AND GRANOLA...,£1.00,1.0,(£0.68/100g),0.68,100,g,6.8,kg,SAVE 19p Was £1.19 Now £1.00 - all products for this offer,SAVE 19p Was £1.19 Now £1.00
2015-11-19 05:00:09.816873,TESCO,211814,"Yoghurt, small individual",Corner Yoghurt,yogurt single,0.0,TESCO 0% FAT GREEK STYLE STRAWBERRY PEACH APRIC...,£1.50,1.5,(£0.25/100g),0.25,100,g,2.5,kg,,
2015-11-19 05:00:09.818299,TESCO,211814,"Yoghurt, small individual",Corner Yoghurt,yogurt single,0.0,THE COLLECTIVE DUPLE CHERRY AND DARK CHOCOLATE ...,£1.00,1.0,(£0.70/100g),0.7,100,g,7.0,kg,SAVE 19p Was £1.19 Now £1.00 - all products for this offer,SAVE 19p Was £1.19 Now £1.00
2015-11-19 05:00:09.831241,TESCO,310207,"Bitter, 4 cans, 3.4%-7.5% ABV",Beer - Ale & Bitter,bitter,1.0,JOHN SMITHS BITTER 4X440ML CANS,£3.75,3.75,(£2.14/l),2.14,1.0,l,2.14,l,,
2015-11-19 05:00:09.832736,TESCO,310207,"Bitter, 4 cans, 3.4%-7.5% ABV",Beer - Ale & Bitter,bitter,0.0,THEAKSTONS OLD PECULIER 500ML,£1.79,1.79,(£3.58/l),3.58,1.0,l,3.58,l,All products available for this offer,Any 4 for £6.00
2015-11-19 05:00:09.838316,TESCO,310207,"Bitter, 4 cans, 3.4%-7.5% ABV",Beer - Ale & Bitter,bitter,0.0,BADGER GOLDEN CHAMPION 500ML,£1.79,1.79,(£3.58/l),3.58,1.0,l,3.58,l,All products available for this offer,Any 4 for £6.00
2015-11-19 05:00:09.839877,TESCO,310207,"Bitter, 4 cans, 3.4%-7.5% ABV",Beer - Ale & Bitter,bitter,0.0,SPITFIRE PREMIUM ALE 500ML,£1.25,1.25,(£2.50/l),2.5,1.0,l,2.5,l,,
2015-11-19 05:00:09.841326,TESCO,310207,"Bitter, 4 cans, 3.4%-7.5% ABV",Beer - Ale & Bitter,bitter,0.0,OLD SPECKLED HEN CAN 10X440ML,£9.00,9.0,(£2.05/l),2.05,1.0,l,2.05,l,,
2015-11-19 05:00:09.842737,TESCO,310207,"Bitter, 4 cans, 3.4%-7.5% ABV",Beer - Ale & Bitter,bitter,0.0,SHARP'S ATLANTIC PALE ALE 500ML,£1.79,1.79,(£3.58/l),3.58,1.0,l,3.58,l,All products available for this offer,Any 4 for £6.00
2015-11-19 05:00:09.844280,TESCO,310207,"Bitter, 4 cans, 3.4%-7.5% ABV",Beer - Ale & Bitter,bitter,0.0,SHARPS DOOM BAR 6X500ML,£8.00,8.0,(£2.67/l),2.67,1.0,l,2.67,l,,
2015-11-19 05:00:09.845698,TESCO,310207,"Bitter, 4 cans, 3.4%-7.5% ABV",Beer - Ale & Bitter,bitter,0.0,BISHOPS FINGER STRONG ALE 500ML,£1.25,1.25,(£2.50/l),2.5,1.0,l,2.5,l,,
2015-11-19 05:00:09.847115,TESCO,310207,"Bitter, 4 cans, 3.4%-7.5% ABV",Beer - Ale & Bitter,bitter,0.0,FURSTY FERRET 4X500ML CAN,£5.00,5.0,(£2.50/l),2.5,1.0,l,2.5,l,All products available for this offer,Any 2 for £8.00
2015-11-19 05:00:09.850312,TESCO,310207,"Bitter, 4 cans, 3.4%-7.5% ABV",Beer - Ale & Bitter,bitter,0.0,ADNAMS BROADSIDE ALE 500ML,£1.79,1.79,(£3.58/l),3.58,1.0,l,3.58,l,All products available for this offer,Any 4 for £6.00
2015-11-19 05:00:09.851855,TESCO,310207,"Bitter, 4 cans, 3.4%-7.5% ABV",Beer - Ale & Bitter,bitter,0.0,KING GOBLIN ALE 500ML,£1.99,1.99,(£3.98/l),3.98,1.0,l,3.98,l,All products available for this offer,Any 4 for £6.00
2015-11-19 05:00:09.853359,TESCO,310207,"Bitter, 4 cans, 3.4%-7.5% ABV",Beer - Ale & Bitter,bitter,0.0,GUINNESS GOLDEN ALE 500ML,£1.79,1.79,(£3.58/l),3.58,1.0,l,3.58,l,All products available for this offer,Any 4 for £6.00
2015-11-19 05:00:09.854833,TESCO,310207,"Bitter, 4 cans, 3.4%-7.5% ABV",Beer - Ale & Bitter,bitter,0.0,JOHN SMITHS EXTRA SMOOTH 4X440ML CANS,£3.75,3.75,(£2.14/l),2.14,1.0,l,2.14,l,,
2015-11-19 05:00:09.856280,TESCO,310207,"Bitter, 4 cans, 3.4%-7.5% ABV",Beer - Ale & Bitter,bitter,1.0,BODDINGTONS DRAUGHT BITTER 18X440ML CANS,£13.00,13.0,(£1.65/l),1.65,1.0,l,1.65,l,,
2015-11-19 05:00:09.857716,TESCO,310207,"Bitter, 4 cans, 3.4%-7.5% ABV",Beer - Ale & Bitter,bitter,0.0,RUDDLES COUNTY PREMIUM ALE 4X500ML CANS,£5.00,5.0,(£2.50/l),2.5,1.0,l,2.5,l,All products available for this offer,Any 2 for £8.00
2015-11-19 05:00:09.859207,TESCO,310207,"Bitter, 4 cans, 3.4%-7.5% ABV",Beer - Ale & Bitter,bitter,0.0,BADGER GOLDEN GLORY 500ML,£1.79,1.79,(£3.58/l),3.58,1.0,l,3.58,l,All products available for this offer,Any 4 for £6.00
2015-11-19 05:00:09.867672,TESCO,211305,"Spreadable butter, 500g, 40-70% butter content","Butter, Spreads & Margarine",spreadable butter 500g,0.0,STORK ORIGINAL BAKING SPREAD 1KG,£2.00,2.0,(£2.00/kg),2.0,1.0,kg,2.0,kg,,
2015-11-19 05:00:09.869141,TESCO,211305,"Spreadable butter, 500g, 40-70% butter content","Butter, Spreads & Margarine",spreadable butter 500g,0.33,BERTOLLI ORIGINAL SPREAD 500G,£1.80,1.8,(£3.60/kg),3.6,1.0,kg,3.6,kg,,
2015-11-19 05:00:09.870569,TESCO,211305,"Spreadable butter, 500g, 40-70% butter content","Butter, Spreads & Margarine",spreadable butter 500g,0.33,I CAN'T BELIEVE IT'S NOT BUTTER ORIGINAL SPREAD...,£2.50,2.5,(£2.50/kg),2.5,1.0,kg,2.5,kg,,
2015-11-19 05:00:09.872105,TESCO,310207,"Bitter, 4 cans, 3.4%-7.5% ABV",Beer - Ale & Bitter,bitter,0.0,ADNAMS GHOST SHIP 500ML,£1.79,1.79,(£3.58/l),3.58,1.0,l,3.58,l,All products available for this offer,Any 4 for £6.00
2015-11-19 05:00:09.873606,TESCO,310207,"Bitter, 4 cans, 3.4%-7.5% ABV",Beer - Ale & Bitter,bitter,0.0,CRABBIES ALCOHOLIC GINGER BEER 4X330ML,£5.00,5.0,(£3.79/l),3.79,1.0,l,3.79,l,All products available for this offer,Any 2 for £8.00
2015-11-19 05:00:09.875085,TESCO,310207,"Bitter, 4 cans, 3.4%-7.5% ABV",Beer - Ale & Bitter,bitter,0.0,TANGLEFOOT 4X500ML.CANS,£4.50,4.5,(£2.25/l),2.25,1.0,l,2.25,l,All products available for this offer,Any 2 for £8.00
2015-11-19 05:00:09.876623,TESCO,310207,"Bitter, 4 cans, 3.4%-7.5% ABV",Beer - Ale & Bitter,bitter,0.0,BADGER TANGLEFOOT 500ML,£1.79,1.79,(£3.58/l),3.58,1.0,l,3.58,l,All products available for this offer,Any 4 for £6.00
2015-11-19 05:00:09.881684,TESCO,211305,"Spreadable butter, 500g, 40-70% butter content","Butter, Spreads & Margarine",spreadable butter 500g,0.67,ANCHOR LIGHTER SPREADABLE 500G,£3.25,3.25,(£6.50/kg),6.5,1.0,kg,6.5,kg,All products available for this offer,Any 2 for £4.00
2015-11-19 05:00:09.883233,TESCO,211305,"Spreadable butter, 500g, 40-70% butter content","Butter, Spreads & Margarine",spreadable butter 500g,0.67,TESCO BUTTER ME UP LIGHT SPREAD 500G,£0.89,0.89,(£1.78/kg),1.78,1.0,kg,1.78,kg,,
2015-11-19 05:00:09.884727,TESCO,211305,"Spreadable butter, 500g, 40-70% butter content","Butter, Spreads & Margarine",spreadable butter 500g,0.33,PURE SUNFLOWER 500G,£1.50,1.5,(£3.00/kg),3.0,1.0,kg,3.0,kg,,
2015-11-19 05:00:09.886193,TESCO,211305,"Spreadable butter, 500g, 40-70% butter content","Butter, Spreads & Margarine",spreadable butter 500g,0.0,LURPAK SLIGHTLY SALTED SPREADBLE 250G,£1.75,1.75,(£7.00/kg),7.0,1.0,kg,7.0,kg,,
2015-11-19 05:00:09.887670,TESCO,211305,"Spreadable butter, 500g, 40-70% butter content","Butter, Spreads & Margarine",spreadable butter 500g,0.33,TESCO OLIVE SPREAD 500G,£1.00,1.0,(£2.00/kg),2.0,1.0,kg,2.0,kg,,
2015-11-19 05:00:09.889155,TESCO,211305,"Spreadable butter, 500g, 40-70% butter content","Butter, Spreads & Margarine",spreadable butter 500g,0.33,CLOVER LIGHTER SPREAD 500G,£1.50,1.5,(£3.00/kg),3.0,1.0,kg,3.0,kg,All products available for this offer,Any 2 for £2.00
2015-11-19 05:00:09.890684,TESCO,211305,"Spreadable butter, 500g, 40-70% butter content","Butter, Spreads & Margarine",spreadable butter 500g,0.33,I CAN'T BELIEVE IT'S NOT BUTTER ORIGINAL SPREAD...,£1.45,1.45,(£2.90/kg),2.9,1.0,kg,2.9,kg,,
2015-11-19 05:00:09.892206,TESCO,211305,"Spreadable butter, 500g, 40-70% butter content","Butter, Spreads & Margarine",spreadable butter 500g,0.33,BERTOLLI WITH BUTTER 400G,£1.50,1.5,(£3.75/kg),3.75,1.0,kg,3.75,kg,SAVE 99p Was £2.49 Now £1.50 - all products for this offer,SAVE 99p Was £2.49 Now £1.50
2015-11-19 05:00:09.893778,TESCO,211305,"Spreadable butter, 500g, 40-70% butter content","Butter, Spreads & Margarine",spreadable butter 500g,0.33,I CAN'T BELIEVE IT'S NOT BUTTER LIGHT SPREAD 50...,£1.45,1.45,(£2.90/kg),2.9,1.0,kg,2.9,kg,,
2015-11-19 05:00:09.895232,TESCO,211305,"Spreadable butter, 500g, 40-70% butter content","Butter, Spreads & Margarine",spreadable butter 500g,0.33,TESCO SUNFLOWER SPREAD 500G,£0.89,0.89,(£1.78/kg),1.78,1.0,kg,1.78,kg,,
2015-11-19 05:00:09.896718,TESCO,211305,"Spreadable butter, 500g, 40-70% butter content","Butter, Spreads & Margarine",spreadable butter 500g,0.0,FLORA LIGHT SPREAD 1KG,£2.50,2.5,(£2.50/kg),2.5,1.0,kg,2.5,kg,,
2015-11-19 05:00:09.898157,TESCO,211305,"Spreadable butter, 500g, 40-70% butter content","Butter, Spreads & Margarine",spreadable butter 500g,0.33,LURPAK LIGHTER SLIGHTLY SALTED SPREADABLE 250G,£1.75,1.75,(£7.00/kg),7.0,1.0,kg,7.0,kg,,
2015-11-19 05:00:09.899645,TESCO,211305,"Spreadable butter, 500g, 40-70% butter content","Butter, Spreads & Margarine",spreadable butter 500g,0.67,COUNTRY LIFE LIGHTER SPREADABLE 500G,£2.50,2.5,(£5.00/kg),5.0,1.0,kg,5.0,kg,,
2015-11-19 05:00:09.901123,TESCO,211305,"Spreadable butter, 500g, 40-70% butter content","Butter, Spreads & Margarine",spreadable butter 500g,0.33,TESCO OLIVE LIGHT SPREAD 500G,£1.00,1.0,(£2.00/kg),2.0,1.0,kg,2.0,kg,,
2015-11-19 05:00:09.902599,TESCO,211305,"Spreadable butter, 500g, 40-70% butter content","Butter, Spreads & Margarine",spreadable butter 500g,0.33,LURPAK UNSALTED BLOCK BUTTER 250G,£1.70,1.7,(£6.80/kg),6.8,1.0,kg,6.8,kg,All products available for this offer,Any 2 for £3.00
2015-11-19 05:00:09.904180,TESCO,211305,"Spreadable butter, 500g, 40-70% butter content","Butter, Spreads & Margarine",spreadable butter 500g,0.33,BERTOLLI LIGHT SPREAD 500G,£1.80,1.8,(£3.60/kg),3.6,1.0,kg,3.6,kg,,
2015-11-19 05:00:09.905627,TESCO,211305,"Spreadable butter, 500g, 40-70% butter content","Butter, Spreads & Margarine",spreadable butter 500g,0.33,TESCO BUTTER ME UP ORIGINAL SPREAD 1KG,£1.75,1.75,(£1.75/kg),1.75,1.0,kg,1.75,kg,,
2015-11-19 05:00:10.016404,TESCO,310215,"Lager, 4 bottles, 4.3%-7.5% ABV",Beer - Lager,lager bottles,0.0,STELLA ARTOIS 15X284ML,£10.00,10.0,(£2.35/l),2.35,1.0,l,2.35,l,All products available for this offer,Any 2 for £18.00
2015-11-19 05:00:10.017939,TESCO,310215,"Lager, 4 bottles, 4.3%-7.5% ABV",Beer - Lager,lager bottles,0.0,COORS LIGHT 20 X 330ML,£12.00,12.0,(£1.82/l),1.82,1.0,l,1.82,l,SAVE £1.00 Was £13.00 Now £12.00 - all products for this offer,SAVE £1.00 Was £13.00 Now £12.00
2015-11-19 05:00:10.020759,TESCO,310215,"Lager, 4 bottles, 4.3%-7.5% ABV",Beer - Lager,lager bottles,0.0,PERONI NASTRO AZZURRO 4X330ML,£5.50,5.5,(£4.17/l),4.17,1.0,l,4.17,l,,
2015-11-19 05:00:10.022222,TESCO,310215,"Lager, 4 bottles, 4.3%-7.5% ABV",Beer - Lager,lager bottles,0.0,SAN MIGUEL 4X330ML,£4.50,4.5,(£3.41/l),3.41,1.0,l,3.41,l,All products available for this offer,Any 2 for £8.00
2015-11-19 05:00:10.023751,TESCO,310215,"Lager, 4 bottles, 4.3%-7.5% ABV",Beer - Lager,lager bottles,0.0,FOSTERS 4X440ML,£3.50,3.5,(£1.99/l),1.99,1.0,l,1.99,l,,
2015-11-19 05:00:10.025208,TESCO,310215,"Lager, 4 bottles, 4.3%-7.5% ABV",Beer - Lager,lager bottles,0.0,BECKS BLUE ALCOHOL FREE 15X275ML,£8.00,8.0,(£1.94/l),1.94,1.0,l,1.94,l,,
2015-11-19 05:00:10.026631,TESCO,310215,"Lager, 4 bottles, 4.3%-7.5% ABV",Beer - Lager,lager bottles,0.0,CORONA EXTRA 4X330ML,£5.00,5.0,(£3.79/l),3.79,1.0,l,3.79,l,All products available for this offer,Any 2 for £8.00
2015-11-19 05:00:10.028172,TESCO,310215,"Lager, 4 bottles, 4.3%-7.5% ABV",Beer - Lager,lager bottles,0.0,COORS LIGHT 15 X 330ML,£10.00,10.0,(£2.03/l),2.03,1.0,l,2.03,l,All products available for this offer,Any 2 for £18.00
2015-11-19 05:00:10.029655,TESCO,310215,"Lager, 4 bottles, 4.3%-7.5% ABV",Beer - Lager,lager bottles,0.0,BUDWEISER 15X300ML,£10.00,10.0,(£2.23/l),2.23,1.0,l,2.23,l,All products available for this offer,Any 2 for £18.00
2015-11-19 05:00:10.031296,TESCO,310215,"Lager, 4 bottles, 4.3%-7.5% ABV",Beer - Lager,lager bottles,0.0,BUDWEISER 6X300ML,£5.00,5.0,(£2.78/l),2.78,1.0,l,2.78,l,,
2015-11-19 05:00:10.032822,TESCO,310215,"Lager, 4 bottles, 4.3%-7.5% ABV",Beer - Lager,lager bottles,0.0,SOL. MEXICAN 12X330ML,£10.00,10.0,(£2.53/l),2.53,1.0,l,2.53,l,All products available for this offer,Any 2 for £18.00
2015-11-19 05:00:10.034301,TESCO,310215,"Lager, 4 bottles, 4.3%-7.5% ABV",Beer - Lager,lager bottles,0.0,BAVARIA 0.0% BEER 4X330ML,£2.00,2.0,(£1.52/l),1.52,1.0,l,1.52,l,SAVE 50p Was £2.50 Now £2.00 - all products for this offer,SAVE 50p Was £2.50 Now £2.00
2015-11-19 05:00:10.035790,TESCO,310215,"Lager, 4 bottles, 4.3%-7.5% ABV",Beer - Lager,lager bottles,0.5,TESCO EVERYDAY VALUE 2% LAGER 4X440ML,£1.00,1.0,(£0.57/l),0.57,1.0,l,0.57,l,,
2015-11-19 05:00:10.037230,TESCO,310215,"Lager, 4 bottles, 4.3%-7.5% ABV",Beer - Lager,lager bottles,0.0,PERONI 18X330ML,£22.00,22.0,(£3.71/l),3.71,1.0,l,3.71,l,,
2015-11-19 05:00:10.038633,TESCO,310215,"Lager, 4 bottles, 4.3%-7.5% ABV",Beer - Lager,lager bottles,0.5,COBRA INDIAN PREMIUM LAGER 660ML,£1.99,1.99,(£3.02/l),3.02,1.0,l,3.02,l,All products available for this offer,Any 3 for £5.00
2015-11-19 05:00:10.040161,TESCO,310215,"Lager, 4 bottles, 4.3%-7.5% ABV",Beer - Lager,lager bottles,0.5,HEINEKEN BOTTLES 12X330ML,£11.50,11.5,(£2.91/l),2.91,1.0,l,2.91,l,All products available for this offer,Any 2 for £18.00
2015-11-19 05:00:10.045095,TESCO,310215,"Lager, 4 bottles, 4.3%-7.5% ABV",Beer - Lager,lager bottles,0.0,BIRRA MORETTI 660ML,£1.99,1.99,(£3.02/l),3.02,1.0,l,3.02,l,All products available for this offer,Any 3 for £5.00
2015-11-19 05:00:10.046608,TESCO,310215,"Lager, 4 bottles, 4.3%-7.5% ABV",Beer - Lager,lager bottles,0.5,BAVARIA LAGER SHANDY 6X330ML CANS,£2.00,2.0,(£1.02/l),1.02,1.0,l,1.02,l,,
2015-11-19 05:00:10.048058,TESCO,310215,"Lager, 4 bottles, 4.3%-7.5% ABV",Beer - Lager,lager bottles,0.5,GROLSCH PREMIUM LAGER 12X330ML BOTTLE,£10.00,10.0,(£2.53/l),2.53,1.0,l,2.53,l,,
2015-11-19 05:00:10.049482,TESCO,310215,"Lager, 4 bottles, 4.3%-7.5% ABV",Beer - Lager,lager bottles,0.0,SAN MIGUEL 4X440ML,£4.50,4.5,(£2.56/l),2.56,1.0,l,2.56,l,All products available for this offer,Any 2 for £8.00
2015-11-19 05:00:10.062287,TESCO,310218,"Apple Cider, bottle, 4.5%-5.5% ABV",Cider,apple cider,0.0,KOPPARBERG PEAR 500ML,£1.99,1.99,(£3.98/l),3.98,1.0,l,3.98,l,All products available for this offer,Any 3 for £5.00
2015-11-19 05:00:10.063795,TESCO,310218,"Apple Cider, bottle, 4.5%-5.5% ABV",Cider,apple cider,1.0,BROTHERS TOFFEE APPLE CIDER 500ML,£1.99,1.99,(£3.98/l),3.98,1.0,l,3.98,l,All products available for this offer,Any 3 for £5.00
2015-11-19 05:00:10.065884,TESCO,310218,"Apple Cider, bottle, 4.5%-5.5% ABV",Cider,apple cider,0.0,BULMERS ORIGINAL 8X568ML,£8.00,8.0,(£1.77/l),1.77,1.0,l,1.77,l,,
2015-11-19 05:00:10.067300,TESCO,310218,"Apple Cider, bottle, 4.5%-5.5% ABV",Cider,apple cider,0.0,STELLA ARTOIS CIDRE 12X440ML,£10.00,10.0,(£1.90/l),1.9,1.0,l,1.9,l,All products available for this offer,Any 2 for £18.00
2015-11-19 05:00:10.068835,TESCO,310218,"Apple Cider, bottle, 4.5%-5.5% ABV",Cider,apple cider,0.0,STRONGBOW ORIGINAL 15X440ML,£10.00,10.0,(£1.52/l),1.52,1.0,l,1.52,l,All products available for this offer,Any 2 for £18.00
2015-11-19 05:00:10.070301,TESCO,310218,"Apple Cider, bottle, 4.5%-5.5% ABV",Cider,apple cider,0.0,STELLA CIDRE RASPBERRY 500ML,£1.99,1.99,(£3.98/l),3.98,1.0,l,3.98,l,All products available for this offer,Any 3 for £5.00
2015-11-19 05:00:10.071780,TESCO,310218,"Apple Cider, bottle, 4.5%-5.5% ABV",Cider,apple cider,0.5,SAVANNA DRY CIDER BOTTLE 500ML,£1.99,1.99,(£3.98/l),3.98,1.0,l,3.98,l,All products available for this offer,Any 3 for £5.00
2015-11-19 05:00:10.073275,TESCO,310218,"Apple Cider, bottle, 4.5%-5.5% ABV",Cider,apple cider,0.0,THATCHERS GOLD CANS 4X500ML,£5.00,5.0,(£2.50/l),2.5,1.0,l,2.5,l,All products available for this offer,Any 2 for £8.00
2015-11-19 05:00:10.074739,TESCO,310218,"Apple Cider, bottle, 4.5%-5.5% ABV",Cider,apple cider,1.0,TESCO APPLE CIDER 2 LITRES,£2.29,2.29,(£1.15/l),1.15,1.0,l,1.15,l,,
2015-11-19 05:00:10.076232,TESCO,310218,"Apple Cider, bottle, 4.5%-5.5% ABV",Cider,apple cider,0.0,THATCHERS GOLD 10X440ML,£9.00,9.0,(£2.05/l),2.05,1.0,l,2.05,l,,
2015-11-19 05:00:10.077643,TESCO,310218,"Apple Cider, bottle, 4.5%-5.5% ABV",Cider,apple cider,0.0,KOPPARBERG STRAWBERRY AND LIME 12X330ML,£12.00,12.0,(£3.04/l),3.04,1.0,l,3.04,l,,
2015-11-19 05:00:10.079031,TESCO,310218,"Apple Cider, bottle, 4.5%-5.5% ABV",Cider,apple cider,0.0,STELLA ARTOIS CIDRE 4X440ML,£4.00,4.0,(£2.28/l),2.28,1.0,l,2.28,l,,
2015-11-19 05:00:10.080479,TESCO,310218,"Apple Cider, bottle, 4.5%-5.5% ABV",Cider,apple cider,0.0,STELLA ARTOIS CIDRE 568ML,£1.99,1.99,(£3.51/l),3.51,1.0,l,3.51,l,All products available for this offer,Any 3 for £5.00
2015-11-19 05:00:10.081950,TESCO,310218,"Apple Cider, bottle, 4.5%-5.5% ABV",Cider,apple cider,0.0,KOPPARBERG ELDERFLOWER AND LIME 500ML,£2.19,2.19,(£4.38/l),4.38,1.0,l,4.38,l,All products available for this offer,Any 3 for £5.00
2015-11-19 05:00:10.083423,TESCO,310218,"Apple Cider, bottle, 4.5%-5.5% ABV",Cider,apple cider,0.0,SCRUMPY JACK 4X440ML,£4.00,4.0,(£2.28/l),2.28,1.0,l,2.28,l,,
2015-11-19 05:00:10.084865,TESCO,310218,"Apple Cider, bottle, 4.5%-5.5% ABV",Cider,apple cider,0.0,KOPPARBERG MIXED FRUIT 4% 4X330ML,£5.00,5.0,(£3.79/l),3.79,1.0,l,3.79,l,,
2015-11-19 05:00:10.086298,TESCO,310218,"Apple Cider, bottle, 4.5%-5.5% ABV",Cider,apple cider,0.0,BULMERS NO.17 568ML,£1.99,1.99,(£3.51/l),3.51,1.0,l,3.51,l,All products available for this offer,Any 3 for £5.00
2015-11-19 05:00:10.087817,TESCO,310218,"Apple Cider, bottle, 4.5%-5.5% ABV",Cider,apple cider,0.0,KOPPARBERG PEAR 15X330ML,£10.00,10.0,(£2.03/l),2.03,1.0,l,2.03,l,All products available for this offer,Any 2 for £18.00
2015-11-19 05:00:10.089305,TESCO,310218,"Apple Cider, bottle, 4.5%-5.5% ABV",Cider,apple cider,0.5,PIMMS STRAWBERRY AND CUCUMBER CIDER 500ML,£2.19,2.19,(£4.38/l),4.38,1.0,l,4.38,l,All products available for this offer,Any 3 for £5.00
2015-11-19 05:00:10.090797,TESCO,310218,"Apple Cider, bottle, 4.5%-5.5% ABV",Cider,apple cider,0.5,MAGNERS IRISH CIDER 568ML,£1.99,1.99,(£3.51/l),3.51,1.0,l,3.51,l,All products available for this offer,Any 3 for £5.00
2015-11-19 05:00:10.123584,TESCO,212016,"Fresh/Chilled Orange Juice, eg. Tropicana",Chilled Juice,fresh orange juice,0.0,TESCO 100% SQUEEZED AND PRSD ORNG&MANGO NOT FRO...,£1.40,1.4,(£0.14/100ml),0.14,100,ml,1.4,l,All products available for this offer,Any 3 for £3.50
2015-11-19 05:00:10.125167,TESCO,212016,"Fresh/Chilled Orange Juice, eg. Tropicana",Chilled Juice,fresh orange juice,0.33,TESCO APPLE AND RASPBERRY JUICE DRINK 1 LITRE,£1.00,1.0,(£0.10/100ml),0.1,100,ml,1.0,l,All products available for this offer,Any 4 for £3.50
2015-11-19 05:00:10.127375,TESCO,212016,"Fresh/Chilled Orange Juice, eg. Tropicana",Chilled Juice,fresh orange juice,0.33,INNOCENT APPLE JUICE 1.35LITRE,£2.99,2.99,(£0.22/100ml),0.22,100,ml,2.2,l,All products available for this offer,Any 2 for £4.00
2015-11-19 05:00:10.128989,TESCO,212016,"Fresh/Chilled Orange Juice, eg. Tropicana",Chilled Juice,fresh orange juice,0.33,TESCO CRANBERRY JUICE DRINK 1 LITRE,£1.00,1.0,(£0.10/100ml),0.1,100,ml,1.0,l,All products available for this offer,Any 4 for £3.50
2015-11-19 05:00:10.130509,TESCO,212016,"Fresh/Chilled Orange Juice, eg. Tropicana",Chilled Juice,fresh orange juice,0.33,TESCO ORANGE SMOOTH 1.5 LITRE,£1.70,1.7,(£0.11/100ml),0.11,100,ml,1.1,l,,
2015-11-19 05:00:10.131989,TESCO,212016,"Fresh/Chilled Orange Juice, eg. Tropicana",Chilled Juice,fresh orange juice,0.33,TESCO CLEMENTINE JUICE NOT FROM CONCENTRATE 1L,£1.40,1.4,(£0.14/100ml),0.14,100,ml,1.4,l,All products available for this offer,Any 3 for £3.50
2015-11-19 05:00:10.133510,TESCO,212016,"Fresh/Chilled Orange Juice, eg. Tropicana",Chilled Juice,fresh orange juice,0.67,TROPICANA ORANGE JUICE ORIGINAL 1.75 LITRE,£3.50,3.5,(£0.20/100ml),0.2,100,ml,2.0,l,,
2015-11-19 05:00:10.134947,TESCO,212016,"Fresh/Chilled Orange Juice, eg. Tropicana",Chilled Juice,fresh orange juice,0.33,TESCO MANGO JUICE DRINK 1LTR,£1.00,1.0,(£0.10/100ml),0.1,100,ml,1.0,l,All products available for this offer,Any 4 for £3.50
2015-11-19 05:00:10.136510,TESCO,212016,"Fresh/Chilled Orange Juice, eg. Tropicana",Chilled Juice,fresh orange juice,0.67,INNOCENT ORANGE JUICE SMOOTH 900ML,£2.39,2.39,(£0.27/100ml),0.27,100,ml,2.7,l,All products available for this offer,Any 2 for £3.50
2015-11-19 05:00:10.141470,TESCO,212016,"Fresh/Chilled Orange Juice, eg. Tropicana",Chilled Juice,fresh orange juice,0.67,TROPICANA ORANGE JUICE ORIGINAL 1 LITRE,£2.48,2.48,(£0.25/100ml),0.25,100,ml,2.5,l,,
2015-11-19 05:00:10.142971,TESCO,212016,"Fresh/Chilled Orange Juice, eg. Tropicana",Chilled Juice,fresh orange juice,0.67,TROPICANA ORANGE JUICE EXTRA JUICY BITS 1 LITRE,£2.48,2.48,(£0.25/100ml),0.25,100,ml,2.5,l,,
2015-11-19 05:00:10.144434,TESCO,212016,"Fresh/Chilled Orange Juice, eg. Tropicana",Chilled Juice,fresh orange juice,0.33,TESCO 100% PURE SQUEEZED BREAKFAST JUICE NOT FR...,£1.40,1.4,(£0.14/100ml),0.14,100,ml,1.4,l,All products available for this offer,Any 3 for £3.50
2015-11-19 05:00:10.145941,TESCO,212016,"Fresh/Chilled Orange Juice, eg. Tropicana",Chilled Juice,fresh orange juice,0.0,VITA COCO NATURAL COCONUT WATER 1L,£3.49,3.49,(£0.35/100ml),0.35,100,ml,3.5,l,,
2015-11-19 05:00:10.147362,TESCO,212016,"Fresh/Chilled Orange Juice, eg. Tropicana",Chilled Juice,fresh orange juice,0.33,TESCO PURE APPLE JUICE 2 LITRE,£1.78,1.78,(£0.09/100ml),0.09,100,ml,0.9,l,,
2015-11-19 05:00:10.148828,TESCO,212016,"Fresh/Chilled Orange Juice, eg. Tropicana",Chilled Juice,fresh orange juice,0.67,TESCO FINEST ORANGE JUICE WITH BITS 1L,£2.49,2.49,(£0.25/100ml),0.25,100,ml,2.5,l,All products available for this offer,Any 2 for £4.00
2015-11-19 05:00:10.150339,TESCO,212016,"Fresh/Chilled Orange Juice, eg. Tropicana",Chilled Juice,fresh orange juice,0.0,INNOCENT COCONUT WATER 1L,£3.69,3.69,(£0.37/100ml),0.37,100,ml,3.7,l,All products available for this offer,Any 2 for £4.00
2015-11-19 05:00:10.153111,TESCO,212016,"Fresh/Chilled Orange Juice, eg. Tropicana",Chilled Juice,fresh orange juice,0.33,COPELLA APPLE JUICE 1.5L,£2.00,2.0,(£0.13/100ml),0.13,100,ml,1.3,l,SAVE £1.00 Was £3.00 Now £2.00 - all products for this offer,SAVE £1.00 Was £3.00 Now £2.00
2015-11-19 05:00:10.154638,TESCO,212016,"Fresh/Chilled Orange Juice, eg. Tropicana",Chilled Juice,fresh orange juice,0.33,TROPICANA APPLE JUICE 1L,£2.48,2.48,(£0.25/100ml),0.25,100,ml,2.5,l,,
2015-11-19 05:00:10.156096,TESCO,212016,"Fresh/Chilled Orange Juice, eg. Tropicana",Chilled Juice,fresh orange juice,0.33,TESCO SUMMER FRUITS JUICE DRINK 2L,£1.40,1.4,(£0.07/100ml),0.07,100,ml,0.7,l,,
2015-11-19 05:00:10.157519,TESCO,212016,"Fresh/Chilled Orange Juice, eg. Tropicana",Chilled Juice,fresh orange juice,0.67,INNOCENT ORANGE JUICE WITH BITS 1.35L,£2.99,2.99,(£0.22/100ml),0.22,100,ml,2.2,l,All products available for this offer,Any 2 for £4.00
2015-11-19 05:00:10.169138,TESCO,212717,"Apples, dessert, per kg","Apples, Pears & Rhubarb",apples,0.0,TESCO PERFECTLY RIPE PEAR 4PACK 550G,£2.00,2.0,(£3.64/kg),3.64,1.0,kg,3.64,kg,All products available for this offer,Any 2 for £3.00
2015-11-19 05:00:10.170631,TESCO,212717,"Apples, dessert, per kg","Apples, Pears & Rhubarb",apples,0.0,TESCO KANZI APPLE 6PACK 670G,£1.00,1.0,(£1.50/kg),1.5,1.0,kg,1.5,kg,Half Price Was £2.00 Now £1.00 - all products for this offer,Half Price Was £2.00 Now £1.00
2015-11-19 05:00:10.172750,TESCO,212717,"Apples, dessert, per kg","Apples, Pears & Rhubarb",apples,0.0,TESCO SMALL TANGY APPLE 6 PACK 520G,£1.00,1.0,(£1.93/kg),1.93,1.0,kg,1.93,kg,,
2015-11-19 05:00:10.174170,TESCO,212717,"Apples, dessert, per kg","Apples, Pears & Rhubarb",apples,0.0,TESCO PINK LADY APPLE 4 PACK 590G,£2.25,2.25,(£3.82/kg),3.82,1.0,kg,3.82,kg,,
2015-11-19 05:00:10.175602,TESCO,212717,"Apples, dessert, per kg","Apples, Pears & Rhubarb",apples,1.0,TESCO ORGANIC GALA APPLES 630G,£2.00,2.0,(£3.18/kg),3.18,1.0,kg,3.18,kg,All products available for this offer,Any 2 for £3.00
2015-11-19 05:00:10.177126,TESCO,212717,"Apples, dessert, per kg","Apples, Pears & Rhubarb",apples,0.0,TESCO BRAMLEY APPLE 775G,£1.50,1.5,(£1.94/kg),1.94,1.0,kg,1.94,kg,,
2015-11-19 05:00:10.178515,TESCO,212717,"Apples, dessert, per kg","Apples, Pears & Rhubarb",apples,0.0,TESCO ORGANIC RIPE AND READY PEARS 550G,£2.00,2.0,(£3.64/kg),3.64,1.0,kg,3.64,kg,,
2015-11-19 05:00:10.179926,TESCO,212717,"Apples, dessert, per kg","Apples, Pears & Rhubarb",apples,1.0,TESCO ORGANIC BRAEBURN APPLES 630G,£2.00,2.0,(£3.18/kg),3.18,1.0,kg,3.18,kg,All products available for this offer,Any 2 for £3.00
2015-11-19 05:00:10.181428,TESCO,212717,"Apples, dessert, per kg","Apples, Pears & Rhubarb",apples,1.0,TESCO COX APPLES LOOSE,£0.32,0.32,(£2.00/kg),2.0,1.0,kg,2.0,kg,,
2015-11-19 05:00:10.182858,TESCO,212717,"Apples, dessert, per kg","Apples, Pears & Rhubarb",apples,0.0,TESCO PERFECTLY RIPE CONFERENCE 4PACK PEAR 550G,£2.00,2.0,(£3.64/kg),3.64,1.0,kg,3.64,kg,All products available for this offer,Any 2 for £3.00
2015-11-19 05:00:10.184389,TESCO,212717,"Apples, dessert, per kg","Apples, Pears & Rhubarb",apples,0.0,TESCO BEST OF BRITISH APPLE 4 PACK 590G,£2.00,2.0,(£3.39/kg),3.39,1.0,kg,3.39,kg,All products available for this offer,Any 2 for £3.00
2015-11-19 05:00:10.185863,TESCO,212717,"Apples, dessert, per kg","Apples, Pears & Rhubarb",apples,1.0,TESCO ORGANIC GALA APPLES 630G,£2.00,2.0,(£3.18/kg),3.18,1.0,kg,3.18,kg,All products available for this offer,Any 2 for £3.00
2015-11-19 05:00:10.187329,TESCO,212717,"Apples, dessert, per kg","Apples, Pears & Rhubarb",apples,0.0,TESCO GREEN PEARS LOOSE,£0.38,0.38,(£2.00/kg),2.0,1.0,kg,2.0,kg,,
2015-11-19 05:00:10.188785,TESCO,212717,"Apples, dessert, per kg","Apples, Pears & Rhubarb",apples,0.0,T.PERFECTLY RIPE CONCORDE PEAR 4PACK 580G,£2.00,2.0,(£3.45/kg),3.45,1.0,kg,3.45,kg,All products available for this offer,Any 2 for £3.00
2015-11-19 05:00:10.190260,TESCO,212717,"Apples, dessert, per kg","Apples, Pears & Rhubarb",apples,0.0,TESCO RHUBARB 400G,£3.00,3.0,(£7.50/kg),7.5,1.0,kg,7.5,kg,,
2015-11-19 05:00:10.191676,TESCO,212717,"Apples, dessert, per kg","Apples, Pears & Rhubarb",apples,0.0,TESCO ORGANIC SELECTED PEARS 450G,£1.25,1.25,(£2.78/kg),2.78,1.0,kg,2.78,kg,SAVE 25p Was £1.50 Now £1.25 - all products for this offer,SAVE 25p Was £1.50 Now £1.25
2015-11-19 05:00:10.193206,TESCO,212717,"Apples, dessert, per kg","Apples, Pears & Rhubarb",apples,1.0,TESCO ORGANIC GOODNESS APPLES 420G,£1.50,1.5,(£3.58/kg),3.58,1.0,kg,3.58,kg,,
2015-11-19 05:00:10.194616,TESCO,212717,"Apples, dessert, per kg","Apples, Pears & Rhubarb",apples,0.0,TESCO HERITAGE APPLE 6 PACK 670G,£2.00,2.0,(£2.99/kg),2.99,1.0,kg,2.99,kg,,
2015-11-19 05:00:10.196019,TESCO,212717,"Apples, dessert, per kg","Apples, Pears & Rhubarb",apples,0.0,TESCO EMPIRE APPLE MIN 5 PACK 700G,£2.00,2.0,(£2.86/kg),2.86,1.0,kg,2.86,kg,,
2015-11-19 05:00:10.197439,TESCO,212717,"Apples, dessert, per kg","Apples, Pears & Rhubarb",apples,1.0,TESCO ORGANIC ORCHARD SELECTION APPLES 550G,£2.00,2.0,(£3.64/kg),3.64,1.0,kg,3.64,kg,All products available for this offer,Any 2 for £3.00
2015-11-19 05:00:10.237179,TESCO,212360,"Potatoes, old, white     ",Potatoes,old white potatoes,0.33,TESCO PEELED POTATOES 750G,£1.00,1.0,(£1.34/kg),1.34,1.0,kg,1.34,kg,Any 3 for 2 Cheapest Product FREE - all products for this offer,Any 3 for 2 Cheapest Product FREE
2015-11-19 05:00:10.238763,TESCO,212360,"Potatoes, old, white     ",Potatoes,old white potatoes,0.33,TESCO PARMENTIERS POTATOES 520G,£1.75,1.75,(£3.37/kg),3.37,1.0,kg,3.37,kg,Any 3 for 2 Cheapest Product FREE - all products for this offer,Any 3 for 2 Cheapest Product FREE
2015-11-19 05:00:10.240317,TESCO,212360,"Potatoes, old, white     ",Potatoes,old white potatoes,0.33,TESCO SEASONAL NEW POTATOES LOOSE,£0.24,0.24,(£1.99/kg),1.99,1.0,kg,1.99,kg,,
2015-11-19 05:00:10.241723,TESCO,212360,"Potatoes, old, white     ",Potatoes,old white potatoes,0.33,TESCO FINEST POTATOES 1.75KG,£2.25,2.25,(£1.29/kg),1.29,1.0,kg,1.29,kg,,
2015-11-19 05:00:10.243153,TESCO,212360,"Potatoes, old, white     ",Potatoes,old white potatoes,0.33,TESCO SEASONAL NEW POTATOES 750G,£1.00,1.0,(£1.34/kg),1.34,1.0,kg,1.34,kg,,
2015-11-19 05:00:10.244602,TESCO,212360,"Potatoes, old, white     ",Potatoes,old white potatoes,0.33,TESCO ROASTING BABY SWEET POTATOES 600G,£1.50,1.5,(£2.50/kg),2.5,1.0,kg,2.5,kg,,
2015-11-19 05:00:10.246006,TESCO,212360,"Potatoes, old, white     ",Potatoes,old white potatoes,0.0,TESCO SWEET POTATO MASH 400G,£2.50,2.5,(£6.25/kg),6.25,1.0,kg,6.25,kg,Any 3 for 2 Cheapest Product FREE - all products for this offer,Any 3 for 2 Cheapest Product FREE
2015-11-19 05:00:10.247481,TESCO,212360,"Potatoes, old, white     ",Potatoes,old white potatoes,0.33,NORFOLK POTATOES 750G,£1.50,1.5,(£2.00/kg),2.0,1.0,kg,2.0,kg,All products available for this offer,2 for £2.50
2015-11-19 05:00:10.249051,TESCO,212360,"Potatoes, old, white     ",Potatoes,old white potatoes,0.33,TESCO FINEST MAYAN GOLD POTATOES 1.5KG,£2.00,2.0,(£1.34/kg),1.34,1.0,kg,1.34,kg,,
2015-11-19 05:00:10.250479,TESCO,212360,"Potatoes, old, white     ",Potatoes,old white potatoes,0.33,TESCO RAINBOW POTATOES 750G,£1.50,1.5,(£2.00/kg),2.0,1.0,kg,2.0,kg,,
2015-11-19 05:00:10.328340,TESCO,211901,"Tea bags, per packet of 80, 250g",Everyday Tea,80 250g,0.5,TESCO CAPTAIN SCOTT TEA 80S 250G,£1.55,1.55,(£0.62/100g),0.62,100,g,6.2,kg,,
2015-11-19 05:00:10.329816,TESCO,211901,"Tea bags, per packet of 80, 250g",Everyday Tea,80 250g,0.0,CLIPPER ORGANIC DECAFFEINATED 40 TEABAGS 125G,£2.55,2.55,(£2.04/100g),2.04,100,g,20.4,kg,,
2015-11-19 05:00:10.331257,TESCO,211901,"Tea bags, per packet of 80, 250g",Everyday Tea,80 250g,0.0,TETLEY EXTRA STRONG 75 TEABAGS 237G,£2.59,2.59,(£1.10/100g),1.1,100,g,11.0,kg,,
2015-11-19 05:00:10.333477,TESCO,211901,"Tea bags, per packet of 80, 250g",Everyday Tea,80 250g,0.5,TAYLORS YORKSHIRE LEAF TEA 250G,£2.10,2.1,(£0.84/100g),0.84,100,g,8.4,kg,,
2015-11-19 05:00:10.334921,TESCO,211901,"Tea bags, per packet of 80, 250g",Everyday Tea,80 250g,0.0,YORKSHIRE 160 TEABAGS HARD WATER 500G,£4.50,4.5,(£0.90/100g),0.9,100,g,9.0,kg,,
2015-11-19 05:00:10.336367,TESCO,211901,"Tea bags, per packet of 80, 250g",Everyday Tea,80 250g,1.0,TETLEY EASY SQUEEZE 80 TEABAGS 250G,£2.65,2.65,(£1.06/100g),1.06,100,g,10.6,kg,,
2015-11-19 05:00:10.337769,TESCO,211901,"Tea bags, per packet of 80, 250g",Everyday Tea,80 250g,0.0,PG TIPS EXTRA STRONG PYRAMID 80S TEABAGS 232G,£2.99,2.99,(£1.29/100g),1.29,100,g,12.9,kg,,
2015-11-19 05:00:10.339169,TESCO,211901,"Tea bags, per packet of 80, 250g",Everyday Tea,80 250g,1.0,PUNJANA 80 TEABAGS 250G,£2.29,2.29,(£0.92/100g),0.92,100,g,9.2,kg,,
2015-11-19 05:00:10.340621,TESCO,211901,"Tea bags, per packet of 80, 250g",Everyday Tea,80 250g,0.0,TAYLORS YORKSHIRE HARD WATER 240'S 750G,£5.79,5.79,(£0.77/100g),0.77,100,g,7.7,kg,,
2015-11-19 05:00:10.342036,TESCO,211901,"Tea bags, per packet of 80, 250g",Everyday Tea,80 250g,0.0,YORKSHIRE GOLD TEA BAGS 160S 500G,£5.79,5.79,(£1.16/100g),1.16,100,g,11.6,kg,,
2015-11-19 05:00:10.343435,TESCO,211901,"Tea bags, per packet of 80, 250g",Everyday Tea,80 250g,0.0,PG TIPS DECAFFEINATED 40 PYRAMID TEABAGS 125G,£1.70,1.7,(£1.36/100g),1.36,100,g,13.6,kg,,
2015-11-19 05:00:10.348294,TESCO,211901,"Tea bags, per packet of 80, 250g",Everyday Tea,80 250g,0.0,PG TIPS ONE CUP 460S TEABAGS 920G,£7.50,7.5,(£0.82/100g),0.82,100,g,8.2,kg,,
2015-11-19 05:00:10.349743,TESCO,211901,"Tea bags, per packet of 80, 250g",Everyday Tea,80 250g,0.0,TWININGS EVERYDAY 200 TEA BAGS 580G,£6.00,6.0,(£1.04/100g),1.04,100,g,10.4,kg,SAVE £1.49 Was £7.49 Now £6.00 - all products for this offer,SAVE £1.49 Was £7.49 Now £6.00
2015-11-19 05:00:10.351242,TESCO,211901,"Tea bags, per packet of 80, 250g",Everyday Tea,80 250g,0.0,TETLEY DECAFFEINATED TEA BAGS 40'S 125G,£1.45,1.45,(£1.16/100g),1.16,100,g,11.6,kg,,
2015-11-19 05:00:10.352712,TESCO,211901,"Tea bags, per packet of 80, 250g",Everyday Tea,80 250g,0.5,TESCO FINEST FAIR TRADE TEA BAGS 80S 250G,£2.69,2.69,(£1.08/100g),1.08,100,g,10.8,kg,,
2015-11-19 05:00:10.354160,TESCO,211901,"Tea bags, per packet of 80, 250g",Everyday Tea,80 250g,1.0,TWININGS EVERYDAY DECAFFEINATED 80 TEABAGS 250G,£3.80,3.8,(£1.52/100g),1.52,100,g,15.2,kg,,
2015-11-19 05:00:10.355603,TESCO,211901,"Tea bags, per packet of 80, 250g",Everyday Tea,80 250g,0.0,YORKSHIRE TEABAGS 480'S 1.5KG,£10.99,10.99,(£0.73/100g),0.73,100,g,7.3,kg,,
2015-11-19 05:00:10.357047,TESCO,211901,"Tea bags, per packet of 80, 250g",Everyday Tea,80 250g,0.0,TESCO FINEST FAIR TRADE TEA BAGS 240S 750G,£5.19,5.19,(£0.69/100g),0.69,100,g,6.9,kg,,
2015-11-19 05:00:10.359707,TESCO,211901,"Tea bags, per packet of 80, 250g",Everyday Tea,80 250g,0.0,TETLEY 440 TEA BAGS 1KG,£7.89,7.89,(£0.79/100g),0.79,100,g,7.9,kg,,
2015-11-19 05:00:10.361193,TESCO,211901,"Tea bags, per packet of 80, 250g",Everyday Tea,80 250g,0.0,TESCO FINEST ENGLISH BREAKFAST 50 TEABAGS 125G,£1.49,1.49,(£1.20/100g),1.2,100,g,12.0,kg,,
2015-11-19 05:00:10.372409,TESCO,310421,"Red Wine, European, bottle",Red Wine,red wine,0.0,HARDY'S VARIETAL RANGE MERLOT 75CL,£5.00,5.0,(£5.00/75cl),5.0,75,cl,6.6667,l,,
2015-11-19 05:00:10.373848,TESCO,310421,"Red Wine, European, bottle",Red Wine,red wine,0.0,LOUIS DE CAMPONAC MERLOT 75CL,£5.00,5.0,(£5.00/75cl),5.0,75,cl,6.6667,l,,
2015-11-19 05:00:10.375239,TESCO,310421,"Red Wine, European, bottle",Red Wine,red wine,0.5,YELLOW TAIL JAMMY RED ROO 75CL,£6.25,6.25,(£6.25/75cl),6.25,75,cl,8.3333,l,,
2015-11-19 05:00:10.377293,TESCO,310421,"Red Wine, European, bottle",Red Wine,red wine,0.0,KUMALA PINOTAGE SHIRAZ 75CL,£5.00,5.0,(£5.00/75cl),5.0,75,cl,6.6667,l,SAVE £2.00 Was £7.00 Now £5.00 - all products for this offer,SAVE £2.00 Was £7.00 Now £5.00
2015-11-19 05:00:10.378793,TESCO,310421,"Red Wine, European, bottle",Red Wine,red wine,0.0,LES DAUPHINS COTES DU RHONE RESERVE 75CL,£7.50,7.5,(£7.50/75cl),7.5,75,cl,10.0,l,,
2015-11-19 05:00:10.380250,TESCO,310421,"Red Wine, European, bottle",Red Wine,red wine,0.5,SILVER BAY POINT RED 75CL,£2.80,2.8,(£2.80/75cl),2.8,75,cl,3.7333,l,,
2015-11-19 05:00:10.381645,TESCO,310421,"Red Wine, European, bottle",Red Wine,red wine,0.5,TESCO CHILEAN RED 75CL,£3.90,3.9,(£3.90/75cl),3.9,75,cl,5.2,l,,
2015-11-19 05:00:10.383042,TESCO,310421,"Red Wine, European, bottle",Red Wine,red wine,0.0,EL PINSAPO JOVEN RIOJA 75CL,£5.00,5.0,(£5.00/75cl),5.0,75,cl,6.6667,l,,
2015-11-19 05:00:10.384472,TESCO,310421,"Red Wine, European, bottle",Red Wine,red wine,0.0,ECHO FALLS MERLOT 75CL,£5.00,5.0,(£5.00/75cl),5.0,75,cl,6.6667,l,,
2015-11-19 05:00:10.385866,TESCO,310421,"Red Wine, European, bottle",Red Wine,red wine,0.0,TESCO FINEST RIOJA CRIANZA 75CL,£6.00,6.0,(£6.00/75cl),6.0,75,cl,8.0,l,,
2015-11-19 05:00:10.387255,TESCO,310421,"Red Wine, European, bottle",Red Wine,red wine,0.0,TESCO FINEST SOUTH AFRICAN SHIRAZ 75 CL,£5.50,5.5,(£5.50/75cl),5.5,75,cl,7.3333,l,,
2015-11-19 05:00:10.388729,TESCO,310421,"Red Wine, European, bottle",Red Wine,red wine,0.0,TESCO FINEST MONTEPULCIANO D'ABRUZZO 75CL,£6.00,6.0,(£6.00/75cl),6.0,75,cl,8.0,l,,
2015-11-19 05:00:10.390135,TESCO,310421,"Red Wine, European, bottle",Red Wine,red wine,0.0,OGIO MERLOT 75CL,£5.00,5.0,(£5.00/75cl),5.0,75,cl,6.6667,l,,
2015-11-19 05:00:10.391554,TESCO,310421,"Red Wine, European, bottle",Red Wine,red wine,0.0,VINEYARDS COTES DU RHONE 75CL,£4.00,4.0,(£4.00/75cl),4.0,75,cl,5.3333,l,,
2015-11-19 05:00:10.392988,TESCO,310421,"Red Wine, European, bottle",Red Wine,red wine,0.0,LA NONNA RIOJA 75CL,£4.30,4.3,(£4.30/75cl),4.3,75,cl,5.7333,l,,
2015-11-19 05:00:10.394382,TESCO,310421,"Red Wine, European, bottle",Red Wine,red wine,0.0,GRAN FAMILIA LAS PRIMAS TEMPRANILLO 75CL,£4.50,4.5,(£4.50/75cl),4.5,75,cl,6.0,l,,
2015-11-19 05:00:10.395787,TESCO,310421,"Red Wine, European, bottle",Red Wine,red wine,0.5,CASA ROSCOLI RED 75CL,£3.50,3.5,(£3.50/75cl),3.5,75,cl,4.6667,l,,
2015-11-19 05:00:10.397208,TESCO,310421,"Red Wine, European, bottle",Red Wine,red wine,0.0,TESCO ITALIAN MERLOT 75CL,£4.00,4.0,(£4.00/75cl),4.0,75,cl,5.3333,l,,
2015-11-19 05:00:10.398598,TESCO,310421,"Red Wine, European, bottle",Red Wine,red wine,0.0,FRONTERA MERLOT 75CL,£6.00,6.0,(£6.00/75cl),6.0,75,cl,8.0,l,,
2015-11-19 05:00:10.400084,TESCO,310421,"Red Wine, European, bottle",Red Wine,red wine,0.0,TESCO BEAUJOLAIS ROUGE 75CL,£4.50,4.5,(£4.50/75cl),4.5,75,cl,6.0,l,,
2015-11-19 05:00:10.445446,TESCO,212017,Fizzy bottled drink,Fizzy Drinks,bottle,1.0,TESCO SUGAR FREE LIMEADE 2 LITRE BOTTLE,£0.55,0.55,(£0.03/100ml),0.03,100,ml,0.3,l,All products available for this offer,Any 2 for 90p
2015-11-19 05:00:10.447947,TESCO,212017,Fizzy bottled drink,Fizzy Drinks,bottle,0.0,LILT Z PINEAPPLE AND GRAPEFRUIT 6 X 330 ML PACK,£3.55,3.55,(£0.18/100ml),0.18,100,ml,1.8,l,,
2015-11-19 05:00:10.449395,TESCO,212017,Fizzy bottled drink,Fizzy Drinks,bottle,1.0,7 UP LIGHT LEMON AND LIME 2 LITRE BOTTLE,£1.98,1.98,(£0.10/100ml),0.1,100,ml,1.0,l,,
2015-11-19 05:00:10.450825,TESCO,212017,Fizzy bottled drink,Fizzy Drinks,bottle,0.0,TESCO DIET LEMONADE 12X250ML,£2.40,2.4,(£0.08/100ml),0.08,100,ml,0.8,l,,
2015-11-19 05:00:10.452314,TESCO,212017,Fizzy bottled drink,Fizzy Drinks,bottle,0.0,SCHWEPPES LEMONADE 6X330ML,£1.49,1.49,(£0.08/100ml),0.08,100,ml,0.8,l,SAVE £1.50 Was £2.99 Now £1.49 - all products for this offer,SAVE £1.50 Was £2.99 Now £1.49
2015-11-19 05:00:10.453817,TESCO,212017,Fizzy bottled drink,Fizzy Drinks,bottle,0.0,SCHWEPPES DIET LEMONADE 6X330ML,£1.49,1.49,(£0.08/100ml),0.08,100,ml,0.8,l,SAVE £1.50 Was £2.99 Now £1.49 - all products for this offer,SAVE £1.50 Was £2.99 Now £1.49
2015-11-19 05:00:10.455321,TESCO,212017,Fizzy bottled drink,Fizzy Drinks,bottle,1.0,FANTA ICY LEMON ZERO 2 LITRE BOTTLE,£1.85,1.85,(£0.09/100ml),0.09,100,ml,0.9,l,All products available for this offer,Any 2 for £2.00
2015-11-19 05:00:10.456866,TESCO,212017,Fizzy bottled drink,Fizzy Drinks,bottle,0.0,SPRITE REGULAR 6 X 330 ML,£3.19,3.19,(£0.16/100ml),0.16,100,ml,1.6,l,,
2015-11-19 05:00:10.458698,TESCO,212017,Fizzy bottled drink,Fizzy Drinks,bottle,1.0,LILT REGULAR 2 LITRE BOTTLE,£1.85,1.85,(£0.09/100ml),0.09,100,ml,0.9,l,All products available for this offer,Any 2 for £2.00
2015-11-19 05:00:10.460266,TESCO,212017,Fizzy bottled drink,Fizzy Drinks,bottle,0.0,TANGO BLOOD ORANGE 2 LITRE,£1.99,1.99,(£0.10/100ml),0.1,100,ml,1.0,l,,
2015-11-19 05:00:10.461653,TESCO,212017,Fizzy bottled drink,Fizzy Drinks,bottle,1.0,FANTA LEMON 2 LITRE BOTTLE,£1.85,1.85,(£0.09/100ml),0.09,100,ml,0.9,l,All products available for this offer,Any 2 for £2.00
2015-11-19 05:00:10.463147,TESCO,212017,Fizzy bottled drink,Fizzy Drinks,bottle,1.0,R WHITES DIET LEMONADE 2 LITRE BOTTLE,£1.29,1.29,(£0.07/100ml),0.07,100,ml,0.7,l,,
2015-11-19 05:00:10.464634,TESCO,212017,Fizzy bottled drink,Fizzy Drinks,bottle,0.0,TANGO SUGAR FREE ORANGE 6X330ML,£3.19,3.19,(£0.16/100ml),0.16,100,ml,1.6,l,,
2015-11-19 05:00:10.466059,TESCO,212017,Fizzy bottled drink,Fizzy Drinks,bottle,1.0,TANGO ORANGE 2 LITRE BOTTLE,£1.98,1.98,(£0.10/100ml),0.1,100,ml,1.0,l,,
2015-11-19 05:00:10.467488,TESCO,212017,Fizzy bottled drink,Fizzy Drinks,bottle,0.0,DR PEPPER REGULAR 6 X 330 ML PACK,£3.55,3.55,(£0.18/100ml),0.18,100,ml,1.8,l,,
2015-11-19 05:00:10.472334,TESCO,212017,Fizzy bottled drink,Fizzy Drinks,bottle,0.0,DR PEPPER ZERO 6 X 330 ML PACK,£3.55,3.55,(£0.18/100ml),0.18,100,ml,1.8,l,,
2015-11-19 05:00:10.473761,TESCO,212017,Fizzy bottled drink,Fizzy Drinks,bottle,0.0,TESCO NO ADDED SUGAR BITTER SHANDY 4 X 330ML,£0.99,0.99,(£0.08/100ml),0.08,100,ml,0.8,l,All products available for this offer,Any 2 for £1.50
2015-11-19 05:00:10.475216,TESCO,212017,Fizzy bottled drink,Fizzy Drinks,bottle,0.0,TESCO DR FIZZ ZERO 2LITRE,£0.55,0.55,(£0.03/100ml),0.03,100,ml,0.3,l,All products available for this offer,Any 2 for 90p
2015-11-19 05:00:10.476780,TESCO,212017,Fizzy bottled drink,Fizzy Drinks,bottle,0.0,TESCO ORANGE 2 LITRE,£0.55,0.55,(£0.03/100ml),0.03,100,ml,0.3,l,All products available for this offer,Any 2 for 90p
2015-11-19 05:00:10.478267,TESCO,212017,Fizzy bottled drink,Fizzy Drinks,bottle,1.0,TESCO BITTER SHANDY 2 LITRE BOTTLE,£0.55,0.55,(£0.03/100ml),0.03,100,ml,0.3,l,All products available for this offer,Any 2 for 90p
2015-11-19 05:00:10.491787,TESCO,212011,"Cola Flavoured Drink, bottle",Cola,nan,0.0,COCA COLA REGULAR CONTOUR 6 X 330ML BOTTLE,£4.49,4.49,(£0.23/100ml),0.23,100,ml,2.3,l,BUY 1 SIDE + 1 MAIN + 1 DESSERT + A DRINK FOR £10 - all products for this offer,BUY 1 SIDE + 1 MAIN + 1 DESSERT + A DRINK FOR £10
2015-11-19 05:00:10.493324,TESCO,212011,"Cola Flavoured Drink, bottle",Cola,nan,0.0,PEPSI MAX 12 X 330ML,£3.50,3.5,(£0.09/100ml),0.09,100,ml,0.9,l,SAVE £2.09 Was £5.59 Now £3.50 - all products for this offer,SAVE £2.09 Was £5.59 Now £3.50
2015-11-19 05:00:10.495483,TESCO,212011,"Cola Flavoured Drink, bottle",Cola,nan,0.0,DR PEPPER ZERO 6 X 330 ML PACK,£3.55,3.55,(£0.18/100ml),0.18,100,ml,1.8,l,,
2015-11-19 05:00:10.496958,TESCO,212011,"Cola Flavoured Drink, bottle",Cola,nan,0.0,COCA COLA REGULAR 12 X 150ML,£4.00,4.0,(£0.22/100ml),0.22,100,ml,2.2,l,All products available for this offer,Any 2 for £7.00
2015-11-19 05:00:10.498467,TESCO,212011,"Cola Flavoured Drink, bottle",Cola,nan,0.0,COCA-COLA COKE ZERO CHERRY 1.75L,£1.85,1.85,(£0.11/100ml),0.11,100,ml,1.1,l,All products available for this offer,Any 2 for £2.00
2015-11-19 05:00:10.499980,TESCO,212011,"Cola Flavoured Drink, bottle",Cola,nan,0.0,PEPSI REGULAR 8X330ML,£3.50,3.5,(£0.13/100ml),0.13,100,ml,1.3,l,All products available for this offer,Any 2 for £5.00
2015-11-19 05:00:10.501450,TESCO,212011,"Cola Flavoured Drink, bottle",Cola,nan,0.0,TESCO CLASSIC DIET CAFFEINE FREE COLA 2 LITRE,£0.89,0.89,(£0.05/100ml),0.05,100,ml,0.5,l,All products available for this offer,Any 2 for £1.50
2015-11-19 05:00:10.502906,TESCO,212011,"Cola Flavoured Drink, bottle",Cola,nan,0.0,PEPSI DIET 24 X 330ML,£7.00,7.0,(£0.09/100ml),0.09,100,ml,0.9,l,All products available for this offer,Only £7.00
2015-11-19 05:00:10.504394,TESCO,212011,"Cola Flavoured Drink, bottle",Cola,nan,0.0,DIET COKE 12 X 150ML,£4.00,4.0,(£0.22/100ml),0.22,100,ml,2.2,l,All products available for this offer,Any 2 for £7.00
2015-11-19 05:00:10.509248,TESCO,212011,"Cola Flavoured Drink, bottle",Cola,nan,0.0,COCA COLA DIET COKE CITRUS ZEST 1.75L,£1.85,1.85,(£0.11/100ml),0.11,100,ml,1.1,l,All products available for this offer,Any 2 for £2.00
2015-11-19 05:00:10.510757,TESCO,212011,"Cola Flavoured Drink, bottle",Cola,nan,0.0,COCA COLA DIET COKE CHERRY 1.75L,£1.85,1.85,(£0.11/100ml),0.11,100,ml,1.1,l,All products available for this offer,Any 2 for £2.00
2015-11-19 05:00:10.512289,TESCO,212011,"Cola Flavoured Drink, bottle",Cola,nan,0.0,TESCO VANILLA COLA XERO 2L,£0.55,0.55,(£0.03/100ml),0.03,100,ml,0.3,l,All products available for this offer,Any 2 for 90p
2015-11-19 05:00:10.513752,TESCO,212011,"Cola Flavoured Drink, bottle",Cola,nan,0.0,TESCO COLA 8 X 330ML,£1.89,1.89,(£0.07/100ml),0.07,100,ml,0.7,l,,
2015-11-19 05:00:10.515135,TESCO,212011,"Cola Flavoured Drink, bottle",Cola,nan,0.0,DIET COKE CONTOUR 6 X 330ML BOTTLE,£4.49,4.49,(£0.23/100ml),0.23,100,ml,2.3,l,BUY 1 SIDE + 1 MAIN + 1 DESSERT + A DRINK FOR £10 - all products for this offer,BUY 1 SIDE + 1 MAIN + 1 DESSERT + A DRINK FOR £10
2015-11-19 05:00:10.516651,TESCO,212011,"Cola Flavoured Drink, bottle",Cola,nan,0.0,PEPSI REGULAR 24 X 330ML,£7.00,7.0,(£0.09/100ml),0.09,100,ml,0.9,l,All products available for this offer,Only £7.00
2015-11-19 05:00:10.518123,TESCO,212011,"Cola Flavoured Drink, bottle",Cola,nan,0.0,TESCO DIET COLA 12X250ML,£2.40,2.4,(£0.08/100ml),0.08,100,ml,0.8,l,,
2015-11-19 05:00:10.555433,TESCO,212011,"Cola Flavoured Drink, bottle",Cola,nan,0.0,TESCO CHERRY COLA XERO CAN 8X330ML,£1.89,1.89,(£0.07/100ml),0.07,100,ml,0.7,l,,
2015-11-19 05:00:10.557048,TESCO,212011,"Cola Flavoured Drink, bottle",Cola,nan,0.0,COKE ZERO 1.25LTR,£1.29,1.29,(£0.10/100ml),0.1,100,ml,1.0,l,All products available for this offer,Any 2 for £2.00
2015-11-19 05:00:10.558585,TESCO,212011,"Cola Flavoured Drink, bottle",Cola,nan,0.0,PEPSI DIET 12 X 330ML,£3.50,3.5,(£0.09/100ml),0.09,100,ml,0.9,l,SAVE £2.09 Was £5.59 Now £3.50 - all products for this offer,SAVE £2.09 Was £5.59 Now £3.50
2015-11-19 05:00:10.560244,TESCO,212011,"Cola Flavoured Drink, bottle",Cola,nan,0.0,TESCO CLASSIC DIET COLA 2 LITRE,£0.89,0.89,(£0.05/100ml),0.05,100,ml,0.5,l,All products available for this offer,Any 2 for £1.50
2015-11-19 05:00:10.572023,TESCO,310419,"White Wine, European, bottle",White Wine,white wine,0.0,THE REACH SAUVIGNON BLANC 75CL,£6.30,6.3,(£6.30/75cl),6.3,75,cl,8.4,l,,
2015-11-19 05:00:10.573474,TESCO,310419,"White Wine, European, bottle",White Wine,white wine,0.0,SIMPLY SOAVE CLASSICO 75CL,£4.50,4.5,(£4.50/75cl),4.5,75,cl,6.0,l,,
2015-11-19 05:00:10.575021,TESCO,310419,"White Wine, European, bottle",White Wine,white wine,0.0,FIRST CAPE FIRST SELECTION SAUVIGNON BLANC 75CL,£5.00,5.0,(£5.00/75cl),5.0,75,cl,6.6667,l,SAVE £2.99 Was £7.99 Now £5.00 - all products for this offer,SAVE £2.99 Was £7.99 Now £5.00
2015-11-19 05:00:10.581358,TESCO,310419,"White Wine, European, bottle",White Wine,white wine,0.0,WAIRAU COVE PINOT GRIGIO 75CL,£6.00,6.0,(£6.00/75cl),6.0,75,cl,8.0,l,,
2015-11-19 05:00:10.582785,TESCO,310419,"White Wine, European, bottle",White Wine,white wine,0.0,TESCO FINEST SWARTLAND CHENIN BLANC 75CL,£5.50,5.5,(£5.50/75cl),5.5,75,cl,7.3333,l,,
2015-11-19 05:00:10.584252,TESCO,310419,"White Wine, European, bottle",White Wine,white wine,0.0,JACOB'S CREEK CHARDONNAY 75CL,£6.50,6.5,(£6.50/75cl),6.5,75,cl,8.6667,l,,
2015-11-19 05:00:10.585651,TESCO,310419,"White Wine, European, bottle",White Wine,white wine,0.0,TESCO FINEST GAVI 75CL,£6.50,6.5,(£6.50/75cl),6.5,75,cl,8.6667,l,,
2015-11-19 05:00:10.587060,TESCO,310419,"White Wine, European, bottle",White Wine,white wine,0.0,TESCO MACON VILLAGES BLANC 75CL,£6.00,6.0,(£6.00/75cl),6.0,75,cl,8.0,l,,
2015-11-19 05:00:10.588502,TESCO,310419,"White Wine, European, bottle",White Wine,white wine,0.0,FAMILLE CASTEL TOURAINE SAUVIGNON BLANC 75CL,£6.50,6.5,(£6.50/75cl),6.5,75,cl,8.6667,l,All products available for this offer,Only £6.50
2015-11-19 05:00:10.589986,TESCO,310419,"White Wine, European, bottle",White Wine,white wine,0.0,TESCO FINEST PICPOUL DE PINET 75CL,£6.00,6.0,(£6.00/75cl),6.0,75,cl,8.0,l,,
2015-11-19 05:00:10.598165,TESCO,210204,"Dry Spaghetti or pasta, 500g",Pasta & Spaghetti,500g,1.0,NAPOLINA FUSILLI PASTA 500G,£1.20,1.2,(£2.40/kg),2.4,1.0,kg,2.4,kg,,
2015-11-19 05:00:10.599597,TESCO,210204,"Dry Spaghetti or pasta, 500g",Pasta & Spaghetti,500g,1.0,TESCO GNOCCHI 500G,£0.99,0.99,(£1.98/kg),1.98,1.0,kg,1.98,kg,,
2015-11-19 05:00:10.601030,TESCO,210204,"Dry Spaghetti or pasta, 500g",Pasta & Spaghetti,500g,0.0,NAPOLINA FUSILLI PASTA 1KG,£0.99,0.99,(£0.99/kg),0.99,1.0,kg,0.99,kg,Half Price Was £1.99 Now 99p - all products for this offer,Half Price Was £1.99 Now 99p
2015-11-19 05:00:10.604310,TESCO,310419,"White Wine, European, bottle",White Wine,white wine,0.5,TESCO CHILEAN WHITE 75CL,£3.90,3.9,(£3.90/75cl),3.9,75,cl,5.2,l,,
2015-11-19 05:00:10.605744,TESCO,310419,"White Wine, European, bottle",White Wine,white wine,0.0,BLOSSOM HILL PINOT GRIGIO 75CL,£6.00,6.0,(£6.00/75cl),6.0,75,cl,8.0,l,,
2015-11-19 05:00:10.607175,TESCO,310419,"White Wine, European, bottle",White Wine,white wine,0.0,THE VINEYARDS SAUVIGNON BLANC 75CL,£4.00,4.0,(£4.00/75cl),4.0,75,cl,5.3333,l,,
2015-11-19 05:00:10.608646,TESCO,310419,"White Wine, European, bottle",White Wine,white wine,0.0,LA FOLIE DOUCE SAUVIGNON BLANC 75CL,£5.00,5.0,(£5.00/75cl),5.0,75,cl,6.6667,l,,
2015-11-19 05:00:10.610028,TESCO,310419,"White Wine, European, bottle",White Wine,white wine,0.5,TESCO ITALIAN WHITE MERLOT 75CL,£4.00,4.0,(£4.00/75cl),4.0,75,cl,5.3333,l,,
2015-11-19 05:00:10.611414,TESCO,310419,"White Wine, European, bottle",White Wine,white wine,0.0,YELLOW TAIL CHARDONNAY 75CL,£6.25,6.25,(£6.25/75cl),6.25,75,cl,8.3333,l,,
2015-11-19 05:00:10.612838,TESCO,310419,"White Wine, European, bottle",White Wine,white wine,0.0,HARDY'S VARIETAL RANGE CHARDONNAY 75CL,£5.00,5.0,(£5.00/75cl),5.0,75,cl,6.6667,l,,
2015-11-19 05:00:10.614223,TESCO,310419,"White Wine, European, bottle",White Wine,white wine,0.5,SILVER BAY POINT WHITE 75CL,£2.80,2.8,(£2.80/75cl),2.8,75,cl,3.7333,l,,
2015-11-19 05:00:10.615679,TESCO,210204,"Dry Spaghetti or pasta, 500g",Pasta & Spaghetti,500g,1.0,TESCO FINEST ORZO PASTA 500G,£1.70,1.7,(£3.40/kg),3.4,1.0,kg,3.4,kg,,
2015-11-19 05:00:10.617127,TESCO,210204,"Dry Spaghetti or pasta, 500g",Pasta & Spaghetti,500g,0.0,NAPOLINA PENNE PASTA 1KG,£0.99,0.99,(£0.99/kg),0.99,1.0,kg,0.99,kg,Half Price Was £1.99 Now 99p - all products for this offer,Half Price Was £1.99 Now 99p
2015-11-19 05:00:10.618601,TESCO,210204,"Dry Spaghetti or pasta, 500g",Pasta & Spaghetti,500g,0.0,TESCO MARGHARTINE SOUP PASTA 250G,£0.50,0.5,(£2.00/kg),2.0,1.0,kg,2.0,kg,,
2015-11-19 05:00:10.620034,TESCO,210204,"Dry Spaghetti or pasta, 500g",Pasta & Spaghetti,500g,0.0,TESCO CONCHIGLIE PASTA SHELLS 3KG,£2.89,2.89,(£0.96/kg),0.96,1.0,kg,0.96,kg,,
2015-11-19 05:00:10.621444,TESCO,210204,"Dry Spaghetti or pasta, 500g",Pasta & Spaghetti,500g,1.0,NAPOLINA RIGATONI PASTA SHAPES 500G,£1.20,1.2,(£2.40/kg),2.4,1.0,kg,2.4,kg,,
2015-11-19 05:00:10.622831,TESCO,210204,"Dry Spaghetti or pasta, 500g",Pasta & Spaghetti,500g,0.0,TESCO SPAGHETTI 2KG,£1.89,1.89,(£0.95/kg),0.95,1.0,kg,0.95,kg,,
2015-11-19 05:00:10.624304,TESCO,210204,"Dry Spaghetti or pasta, 500g",Pasta & Spaghetti,500g,1.0,NAPOLINA WHOLE WHEAT PENNE 500G,£1.00,1.0,(£2.00/kg),2.0,1.0,kg,2.0,kg,SAVE 30p Was £1.30 Now £1.00 - all products for this offer,SAVE 30p Was £1.30 Now £1.00
2015-11-19 05:00:10.629273,TESCO,210213,"Breakfast Cereal 1, sugar/chocolate coated",Childrens Cereals,nan,0.0,NESTLE CURIOUSLY CINNAMON CEREAL 375G,£2.49,2.49,(£0.66/100g),0.66,100,g,6.6,kg,,
2015-11-19 05:00:10.630693,TESCO,210213,"Breakfast Cereal 1, sugar/chocolate coated",Childrens Cereals,nan,0.0,NESTLE LION CEREAL 400G,£2.49,2.49,(£0.62/100g),0.62,100,g,6.2,kg,,
2015-11-19 05:00:10.632166,TESCO,210213,"Breakfast Cereal 1, sugar/chocolate coated",Childrens Cereals,nan,0.0,KELLOGG'S DISNEY STAR WARS CEREAL 370G,£2.79,2.79,(£7.55/kg),7.55,1.0,kg,7.55,kg,,
2015-11-19 05:00:10.633561,TESCO,210213,"Breakfast Cereal 1, sugar/chocolate coated",Childrens Cereals,nan,0.0,KELLOGGS DISNEY VARIETY PACK 8'S,£2.49,2.49,(£0.31/each),0.31,1.0,each,0.31,each,,
2015-11-19 05:00:10.634962,TESCO,210213,"Breakfast Cereal 1, sugar/chocolate coated",Childrens Cereals,nan,0.0,GENERAL MILLS LUCKY CHARMS CEREAL 453G,£5.00,5.0,(£1.11/100g),1.11,100,g,11.1,kg,,
2015-11-19 05:00:10.636453,TESCO,310419,"White Wine, European, bottle",White Wine,white wine,0.0,TESCO VINHO VERDE 75CL,£4.50,4.5,(£4.50/75cl),4.5,75,cl,6.0,l,,
2015-11-19 05:00:10.640914,TESCO,210204,"Dry Spaghetti or pasta, 500g",Pasta & Spaghetti,500g,1.0,BARILLA LASAGNE 500G,£1.65,1.65,(£3.30/kg),3.3,1.0,kg,3.3,kg,,
2015-11-19 05:00:10.642336,TESCO,210204,"Dry Spaghetti or pasta, 500g",Pasta & Spaghetti,500g,1.0,NAPOLINA TAGLIATELLE PASTA 500G,£1.20,1.2,(£2.40/kg),2.4,1.0,kg,2.4,kg,,
2015-11-19 05:00:10.643775,TESCO,210204,"Dry Spaghetti or pasta, 500g",Pasta & Spaghetti,500g,1.0,NAPOLINA BRONZE DIE LINGUINE 500G,£1.99,1.99,(£3.98/kg),3.98,1.0,kg,3.98,kg,,
2015-11-19 05:00:10.645211,TESCO,210204,"Dry Spaghetti or pasta, 500g",Pasta & Spaghetti,500g,0.0,TESCO CANNELLONI PASTA 250G,£0.59,0.59,(£2.36/kg),2.36,1.0,kg,2.36,kg,,
2015-11-19 05:00:10.646610,TESCO,210204,"Dry Spaghetti or pasta, 500g",Pasta & Spaghetti,500g,0.0,NAPOLINA RIGATONI PASTA 1KG,£0.99,0.99,(£0.99/kg),0.99,1.0,kg,0.99,kg,Half Price Was £1.99 Now 99p - all products for this offer,Half Price Was £1.99 Now 99p
2015-11-19 05:00:10.648127,TESCO,210204,"Dry Spaghetti or pasta, 500g",Pasta & Spaghetti,500g,1.0,COOK ITALIAN FUSILLI 500G,£1.00,1.0,(£2.00/kg),2.0,1.0,kg,2.0,kg,SAVE 25p Was £1.25 Now £1.00 - all products for this offer,SAVE 25p Was £1.25 Now £1.00
2015-11-19 05:00:10.649608,TESCO,210204,"Dry Spaghetti or pasta, 500g",Pasta & Spaghetti,500g,1.0,BARILLA MEZZE PENNE TRICOLORE 500G,£1.50,1.5,(£3.00/kg),3.0,1.0,kg,3.0,kg,,
2015-11-19 05:00:10.651021,TESCO,210213,"Breakfast Cereal 1, sugar/chocolate coated",Childrens Cereals,nan,0.0,GENERAL MILLS LUCKY CHARMS CEREAL CUP 49G,£1.50,1.5,(£3.07/100g),3.07,100,g,30.7,kg,,
2015-11-19 05:00:10.655163,TESCO,210204,"Dry Spaghetti or pasta, 500g",Pasta & Spaghetti,500g,1.0,BARILLA SPAGHETTI 500G,£1.50,1.5,(£3.00/kg),3.0,1.0,kg,3.0,kg,,
2015-11-19 05:00:10.656650,TESCO,210204,"Dry Spaghetti or pasta, 500g",Pasta & Spaghetti,500g,1.0,COOK ITALIAN WHOLE WHEAT SPAGHETTI 500G,£1.00,1.0,(£2.00/kg),2.0,1.0,kg,2.0,kg,SAVE 25p Was £1.25 Now £1.00 - all products for this offer,SAVE 25p Was £1.25 Now £1.00
2015-11-19 05:00:10.658142,TESCO,210204,"Dry Spaghetti or pasta, 500g",Pasta & Spaghetti,500g,1.0,BARILLA FUSILLI 500G,£1.50,1.5,(£3.00/kg),3.0,1.0,kg,3.0,kg,,
2015-11-19 05:00:10.803059,TESCO,310401,"Whisky, bottle",Whisky,whisky,0.0,TESCO FINEST 12 YEAR OLD SPEYSIDE SINGLE MALT W...,£25.00,25.0,(£35.72/l),35.72,1.0,l,35.72,l,,
2015-11-19 05:00:10.804595,TESCO,310401,"Whisky, bottle",Whisky,whisky,0.0,CANADIAN CLUB 70CL,£18.00,18.0,(£25.72/l),25.72,1.0,l,25.72,l,SAVE £2.00 Was £20.00 Now £18.00 - all products for this offer,SAVE £2.00 Was £20.00 Now £18.00
2015-11-19 05:00:10.806048,TESCO,310401,"Whisky, bottle",Whisky,whisky,0.0,HAIG CLUB 70CL,£35.00,35.0,(£50.00/l),50.0,1.0,l,50.0,l,All products available for this offer,Only £35.00
2015-11-19 05:00:10.807493,TESCO,310401,"Whisky, bottle",Whisky,whisky,0.0,LAPHROAIG SELECT 70CL,£25.00,25.0,(£35.72/l),35.72,1.0,l,35.72,l,SAVE £11.00 Was £36.00 Then £30.00 Now £25.00 - all products for this offer,SAVE £11.00 Was £36.00 Then £30.00 Now £25.00
2015-11-19 05:00:10.809028,TESCO,310401,"Whisky, bottle",Whisky,whisky,1.0,CHIVAS REGAL 12 Y O SCOTCH WHISKY 35CL,£14.50,14.5,(£41.43/l),41.43,1.0,l,41.43,l,,
2015-11-19 05:00:10.810413,TESCO,310401,"Whisky, bottle",Whisky,whisky,1.0,PENDERYN SINGLE MALT WHISKY 70CL,£30.00,30.0,(£42.86/l),42.86,1.0,l,42.86,l,,
2015-11-19 05:00:10.811858,TESCO,310401,"Whisky, bottle",Whisky,whisky,0.0,AUCHENTOSHAN AMERICAN OAK 70CL,£20.00,20.0,(£28.58/l),28.58,1.0,l,28.58,l,SAVE £11.00 Was £31.00 Now £20.00 - all products for this offer,SAVE £11.00 Was £31.00 Now £20.00
2015-11-19 05:00:10.817226,TESCO,310401,"Whisky, bottle",Whisky,whisky,0.0,CARDHU GOLD RESERVE 70CL,£30.00,30.0,(£42.86/l),42.86,1.0,l,42.86,l,SAVE £12.00 Was £42.00 Now £30.00 - all products for this offer,SAVE £12.00 Was £42.00 Now £30.00
2015-11-19 05:00:10.818767,TESCO,310401,"Whisky, bottle",Whisky,whisky,1.0,OLD PULTENEY MALT WHISKY 70CL,£24.00,24.0,(£34.29/l),34.29,1.0,l,34.29,l,SAVE £6.00 Was £30.00 Now £24.00 - all products for this offer,SAVE £6.00 Was £30.00 Now £24.00
2015-11-19 05:00:10.820361,TESCO,310401,"Whisky, bottle",Whisky,whisky,1.0,DALWHINNIE MALT WHISKY 70CL,£35.00,35.0,(£50.00/l),50.0,1.0,l,50.0,l,,
2015-11-19 05:00:10.821795,TESCO,310401,"Whisky, bottle",Whisky,whisky,0.0,JAMESON IRISH WHISKEY 35CL,£12.50,12.5,(£35.72/l),35.72,1.0,l,35.72,l,,
2015-11-19 05:00:10.823253,TESCO,310401,"Whisky, bottle",Whisky,whisky,0.0,THE GLENLIVET 15 YEAR OLD FRENCH OAK RESERVE 70...,£40.00,40.0,(£57.15/l),57.15,1.0,l,57.15,l,,
2015-11-19 05:00:10.824722,TESCO,310401,"Whisky, bottle",Whisky,whisky,0.0,ABERFELDY 12 YEAR OLD 70CL,£28.00,28.0,(£40.00/l),40.0,1.0,l,40.0,l,SAVE £7.00 Was £35.00 Now £28.00 - all products for this offer,SAVE £7.00 Was £35.00 Now £28.00
2015-11-19 05:00:10.826178,TESCO,310401,"Whisky, bottle",Whisky,whisky,0.0,THE BALVENIE DOUBLEWOOD MALT 70CL,£37.00,37.0,(£52.86/l),52.86,1.0,l,52.86,l,,
2015-11-19 05:00:10.832009,TESCO,310401,"Whisky, bottle",Whisky,whisky,1.0,LAGAVULIN MALT WHISKY 70CL,£48.50,48.5,(£69.29/l),69.29,1.0,l,69.29,l,,
2015-11-19 05:00:10.833455,TESCO,310401,"Whisky, bottle",Whisky,whisky,0.0,WILLIAM GRANTS SHERRY CASK FINISH 70CL,£17.50,17.5,(£25.00/l),25.0,1.0,l,25.0,l,,
2015-11-19 05:00:10.834840,TESCO,310401,"Whisky, bottle",Whisky,whisky,0.0,THE MACALLAN GOLD 70CL,£35.00,35.0,(£50.00/l),50.0,1.0,l,50.0,l,,
2015-11-19 05:00:10.836277,TESCO,310401,"Whisky, bottle",Whisky,whisky,0.0,SINGLETON SPEY CASCADE 70CL,£25.00,25.0,(£35.72/l),35.72,1.0,l,35.72,l,SAVE £8.50 Was £33.50 Now £25.00 - all products for this offer,SAVE £8.50 Was £33.50 Now £25.00
2015-11-19 05:00:10.837858,TESCO,310401,"Whisky, bottle",Whisky,whisky,0.0,BALLANTINES FINEST 70CL,£20.00,20.0,(£28.58/l),28.58,1.0,l,28.58,l,,
2015-11-19 05:00:10.839244,TESCO,310401,"Whisky, bottle",Whisky,whisky,0.0,GRANTS SIGNATURE 70CL,£18.50,18.5,(£26.43/l),26.43,1.0,l,26.43,l,,
2015-11-19 05:00:10.845201,TESCO,211807,Yoghurt/Fromage Frais ,Flavoured Big Pot Yoghurt,fromage frais,0.0,NEW PROBIOTIC LOW FAT MANGO YOGHURT 450G,£1.00,1.0,(£0.22/100g),0.22,100,g,2.2,kg,SAVE 20p Was £1.20 Now £1.00 - all products for this offer,SAVE 20p Was £1.20 Now £1.00
2015-11-19 05:00:10.846711,TESCO,211807,Yoghurt/Fromage Frais ,Flavoured Big Pot Yoghurt,fromage frais,0.0,TESCO MANGO AND PASSION FRUIT YOGHURT 450G,£1.10,1.1,(£0.24/100g),0.24,100,g,2.4,kg,,
2015-11-19 05:00:10.848180,TESCO,211807,Yoghurt/Fromage Frais ,Flavoured Big Pot Yoghurt,fromage frais,0.0,THE COLLECTIVE RUSSIAN FUDGE YOGHURT 500G,£2.00,2.0,(£0.40/100g),0.4,100,g,4.0,kg,,
2015-11-19 05:00:10.857920,TESCO,211807,Yoghurt/Fromage Frais ,Organic Yoghurt,fromage frais,0.0,YEO VALLEY STRAWBERRY AND FIG YOGHURT 450G,£1.50,1.5,(£0.33/100g),0.33,100,g,3.3,kg,,
2015-11-19 05:00:10.949396,TESCO,210302,Plain Biscuits (eg. Digestive),Everyday Biscuits,digestives,0.0,FOXS CRINKLE CRUNCH BUTTER 200G,£0.49,0.49,(£0.25/100g),0.25,100,g,2.5,kg,Half Price Was 99p Now 49p - all products for this offer,Half Price Was 99p Now 49p
2015-11-19 05:00:10.950940,TESCO,210302,Plain Biscuits (eg. Digestive),Everyday Biscuits,digestives,0.0,TESCO RICH TEA 400G,£0.40,0.4,(£0.10/100g),0.1,100,g,1.0,kg,,
2015-11-19 05:00:10.952397,TESCO,210302,Plain Biscuits (eg. Digestive),Everyday Biscuits,digestives,0.0,BURTONS WAGON WHEELS ORIGINAL BISCUIT 6 PACK 22...,£0.98,0.98,(£0.45/100g),0.45,100,g,4.5,kg,SAVE 11p Was £1.09 Now 98p - all products for this offer,SAVE 11p Was £1.09 Now 98p
2015-11-19 05:00:10.953908,TESCO,210302,Plain Biscuits (eg. Digestive),Everyday Biscuits,digestives,0.0,MCVITIES RICH TEA TWIN PACK 2 X 300G,£1.89,1.89,(£0.32/100g),0.32,100,g,3.2,kg,,
2015-11-19 05:00:10.955337,TESCO,210302,Plain Biscuits (eg. Digestive),Everyday Biscuits,digestives,0.0,BURTONS WAGON WHEELS JAMMIE BISCUIT 6 PACK 229G,£0.98,0.98,(£0.16/each),0.16,1.0,each,0.16,each,SAVE 11p Was £1.09 Now 98p - all products for this offer,SAVE 11p Was £1.09 Now 98p
2015-11-19 05:00:10.956906,TESCO,210302,Plain Biscuits (eg. Digestive),Everyday Biscuits,digestives,0.0,FOX'S CRINKLES GINGER 200G,£0.49,0.49,(£0.25/100g),0.25,100,g,2.5,kg,Half Price Was 99p Now 49p - all products for this offer,Half Price Was 99p Now 49p
2015-11-19 05:00:10.958404,TESCO,210302,Plain Biscuits (eg. Digestive),Everyday Biscuits,digestives,0.0,BARNY STRAWBERRY 5 PACK 150G,£0.84,0.84,(£0.56/100g),0.56,100,g,5.6,kg,Half Price Was £1.69 Now 84p - all products for this offer,Half Price Was £1.69 Now 84p
2015-11-19 05:00:10.960627,TESCO,210302,Plain Biscuits (eg. Digestive),Everyday Biscuits,digestives,0.0,CAXTON PINK AND WHITE WAFERS 6 PACK 85G,£0.50,0.5,(£0.59/100g),0.59,100,g,5.9,kg,,
2015-11-19 05:00:10.962086,TESCO,210302,Plain Biscuits (eg. Digestive),Everyday Biscuits,digestives,0.0,BARNY MILK KIDS SPONGE BEAR 5 PACK 150G,£0.84,0.84,(£0.56/100g),0.56,100,g,5.6,kg,Half Price Was £1.69 Now 84p - all products for this offer,Half Price Was £1.69 Now 84p
2015-11-19 05:00:10.963607,TESCO,210302,Plain Biscuits (eg. Digestive),Everyday Biscuits,digestives,0.0,FOXS GINGER CRUNCH CREAMS 168G,£0.99,0.99,(£0.59/100g),0.59,100,g,5.9,kg,,
2015-11-19 05:00:10.965110,TESCO,210302,Plain Biscuits (eg. Digestive),Everyday Biscuits,digestives,0.0,MCVITIE LIGHT DIGESTIVE 400G,£1.09,1.09,(£0.27/100g),0.27,100,g,2.7,kg,All products available for this offer,Any 2 for £2.00
2015-11-19 05:00:10.966602,TESCO,210302,Plain Biscuits (eg. Digestive),Everyday Biscuits,digestives,0.0,NAIRNS STEM GINGER OAT BISCUIT 200G (L),£1.35,1.35,(£0.68/100g),0.68,100,g,6.8,kg,,
2015-11-19 05:00:10.968095,TESCO,210302,Plain Biscuits (eg. Digestive),Everyday Biscuits,digestives,0.0,TESCO EVERYDAY VALUE NICE BISCUITS 400G,£0.45,0.45,(£0.11/100g),0.11,100,g,1.1,kg,,
2015-11-19 05:00:10.969570,TESCO,210302,Plain Biscuits (eg. Digestive),Everyday Biscuits,digestives,0.0,TESCO TRIPLE PACK NICE/CUSTARD AND MALTED CRMS ...,£1.10,1.1,(£0.22/100g),0.22,100,g,2.2,kg,,
2015-11-19 05:00:10.971134,TESCO,210302,Plain Biscuits (eg. Digestive),Everyday Biscuits,digestives,0.0,MCVITIES FIG ROLLS 200G,£1.29,1.29,(£0.65/100g),0.65,100,g,6.5,kg,All products available for this offer,Any 2 for £2.00
2015-11-19 05:00:10.972686,TESCO,210302,Plain Biscuits (eg. Digestive),Everyday Biscuits,digestives,0.0,TESCO REDUCED FAT DIGESTIVE BISCUITS 400G,£0.40,0.4,(£0.10/100g),0.1,100,g,1.0,kg,,
2015-11-19 05:00:10.974094,TESCO,210302,Plain Biscuits (eg. Digestive),Everyday Biscuits,digestives,0.0,FOXS RICH TEA FINGER CREAMS 200G,£0.99,0.99,(£0.57/100g),0.57,100,g,5.7,kg,,
2015-11-19 05:00:10.975495,TESCO,210302,Plain Biscuits (eg. Digestive),Everyday Biscuits,digestives,0.0,FOX'S PARTY FAIRYTALES 130G,£0.99,0.99,(£0.76/100g),0.76,100,g,7.6,kg,,
2015-11-19 05:00:10.976937,TESCO,210302,Plain Biscuits (eg. Digestive),Everyday Biscuits,digestives,0.0,TESCO REDUCED FAT RICH TEA BISCUITS 300G,£0.40,0.4,(£0.13/100g),0.13,100,g,1.3,kg,,
2015-11-19 05:00:10.978338,TESCO,210302,Plain Biscuits (eg. Digestive),Everyday Biscuits,digestives,0.0,OREO PEANUT BUTTER 154G,£1.08,1.08,(£0.70/100g),0.7,100,g,7.0,kg,,
2015-11-19 05:00:10.994664,TESCO,211814,"Yoghurt, small individual",Indulgent Yoghurts & Dairy Desserts,yogurt single,0.0,ACTIVIA INTENSELY CREAMY VANILLA 4X110G,£2.40,2.4,(£0.55/100g),0.55,100,g,5.5,kg,All products available for this offer,Any 2 for £4.00
2015-11-19 05:00:10.996231,TESCO,211814,"Yoghurt, small individual",Indulgent Yoghurts & Dairy Desserts,yogurt single,0.0,PERLE DE LAIT COCONUT DAIRY DESSERT 4X125G,£1.50,1.5,(£0.30/100g),0.3,100,g,3.0,kg,,
2015-11-19 05:00:10.998252,TESCO,211814,"Yoghurt, small individual",Indulgent Yoghurts & Dairy Desserts,yogurt single,0.0,ACTIVIA INTENSELY CREAMY LEMON YOGHURT 4X110G,£2.40,2.4,(£0.55/100g),0.55,100,g,5.5,kg,All products available for this offer,Any 2 for £4.00
2015-11-19 05:00:10.999793,TESCO,211814,"Yoghurt, small individual",Indulgent Yoghurts & Dairy Desserts,yogurt single,0.0,MULLER RICE LIMITED EDITION RED FRUITS 6X180G,£3.89,3.89,(£0.36/100g),0.36,100,g,3.6,kg,All products available for this offer,Any 2 for £5.00
2015-11-19 05:00:11.001316,TESCO,211814,"Yoghurt, small individual",Indulgent Yoghurts & Dairy Desserts,yogurt single,0.0,TESCO HEALTHY LIVING CHOCOLATE MOUSSE 6X60 G,£0.70,0.7,(£0.19/100g),0.19,100,g,1.9,kg,,
2015-11-19 05:00:11.002883,TESCO,211814,"Yoghurt, small individual",Indulgent Yoghurts & Dairy Desserts,yogurt single,0.0,AERO CREATIONS 4X57G,£1.29,1.29,(£0.57/100g),0.57,100,g,5.7,kg,SAVE 41p Was £1.70 Now £1.29 - all products for this offer,SAVE 41p Was £1.70 Now £1.29
2015-11-19 05:00:11.004440,TESCO,211814,"Yoghurt, small individual",Indulgent Yoghurts & Dairy Desserts,yogurt single,0.0,SKI MOUSSE LIMITED EDITION 4X59G,£1.00,1.0,(£0.42/100g),0.42,100,g,4.2,kg,SAVE 40p Was £1.40 Now £1.00 - all products for this offer,SAVE 40p Was £1.40 Now £1.00
2015-11-19 05:00:11.005928,TESCO,211814,"Yoghurt, small individual",Indulgent Yoghurts & Dairy Desserts,yogurt single,0.0,CADBURY POTS OF JOY TERRY'S CHOCOLATE ORANGE 4X...,£2.58,2.58,(£0.92/100g),0.92,100,g,9.2,kg,All products available for this offer,Any 2 for £3.00
2015-11-19 05:00:11.007442,TESCO,211814,"Yoghurt, small individual",Indulgent Yoghurts & Dairy Desserts,yogurt single,0.0,TESCO FINEST BUTTERSCOTCH MOUSSE 100G,£0.95,0.95,(£0.95/100g),0.95,100,g,9.5,kg,All products available for this offer,Any 3 for £2.00
2015-11-19 05:00:11.009059,TESCO,211814,"Yoghurt, small individual",Indulgent Yoghurts & Dairy Desserts,yogurt single,0.0,NESQUIK CHOCOLATE POTS 6X60G,£1.00,1.0,(£0.28/100g),0.28,100,g,2.8,kg,,
2015-11-19 05:00:11.010490,TESCO,211814,"Yoghurt, small individual",Indulgent Yoghurts & Dairy Desserts,yogurt single,0.0,TESCO FINEST HAZELNUT YOGHURT 150G,£0.75,0.75,(£0.50/100g),0.5,100,g,5.0,kg,All products available for this offer,Any 5 for £3.00
2015-11-19 05:00:11.012084,TESCO,211814,"Yoghurt, small individual",Indulgent Yoghurts & Dairy Desserts,yogurt single,0.0,WEIGHT WATCHERS DESSERT RECIPE GB FAVOURITE 4X1...,£1.00,1.0,(£0.21/100g),0.21,100,g,2.1,kg,,
2015-11-19 05:00:11.013502,TESCO,211814,"Yoghurt, small individual",Indulgent Yoghurts & Dairy Desserts,yogurt single,0.0,AERO MOUSSE LIMITED EDITION 4X58G,£1.40,1.4,(£0.60/100g),0.6,100,g,6.0,kg,,
2015-11-19 05:00:11.014909,TESCO,211814,"Yoghurt, small individual",Indulgent Yoghurts & Dairy Desserts,yogurt single,0.0,TESCO FINEST WHITE PEACH YOGHURT 150G,£0.75,0.75,(£0.50/100g),0.5,100,g,5.0,kg,All products available for this offer,Any 5 for £3.00
2015-11-19 05:00:11.016468,TESCO,211814,"Yoghurt, small individual",Indulgent Yoghurts & Dairy Desserts,yogurt single,0.0,NESTLE AFTER EIGHT MOUSSE 4X57G,£1.29,1.29,(£0.57/100g),0.57,100,g,5.7,kg,SAVE 41p Was £1.70 Now £1.29 - all products for this offer,SAVE 41p Was £1.70 Now £1.29
2015-11-19 05:00:11.017967,TESCO,211814,"Yoghurt, small individual",Indulgent Yoghurts & Dairy Desserts,yogurt single,0.0,CADBURY TWINPOT PEBBLES 1X90G,£0.75,0.75,(£0.83/100g),0.83,100,g,8.3,kg,All products available for this offer,Any 6 for £4.00
2015-11-19 05:00:11.019499,TESCO,211814,"Yoghurt, small individual",Indulgent Yoghurts & Dairy Desserts,yogurt single,0.0,MULLER RICE REMIX GREEK INSPIRED APPLE STRAWBER...,£3.89,3.89,(£0.65/each),0.65,1.0,each,0.65,each,All products available for this offer,Any 2 for £5.00
2015-11-19 05:00:11.021054,TESCO,211814,"Yoghurt, small individual",Indulgent Yoghurts & Dairy Desserts,yogurt single,0.0,TESCO FINEST VANILLA YOGHURT 150G,£0.75,0.75,(£0.50/100g),0.5,100,g,5.0,kg,All products available for this offer,Any 5 for £3.00
2015-11-19 05:00:11.022545,TESCO,211814,"Yoghurt, small individual",Indulgent Yoghurts & Dairy Desserts,yogurt single,0.0,CADBURY BUBBLES OF JOY LIMITED EDITION 4 X 45G,£1.50,1.5,(£0.83/100g),0.83,100,g,8.3,kg,All products available for this offer,Any 2 for £2.00
2015-11-19 05:00:11.072686,TESCO,211814,"Yoghurt, small individual",Kids Yoghurt,yogurt single,0.0,YOPLAIT PETITS FILOUS STRAWBERRY POUCH 70G,£0.75,0.75,(£1.08/100g),1.08,100,g,10.8,kg,All products available for this offer,Any 3 for £2.00
2015-11-19 05:00:11.074189,TESCO,211814,"Yoghurt, small individual",Kids Yoghurt,yogurt single,0.0,DISNEY STAR WARS STRAWBERRY AND MIXED BERRY YOG...,£1.60,1.6,(£0.32/100g),0.32,100,g,3.2,kg,All products available for this offer,Any 2 for £3.00
2015-11-19 05:00:11.076325,TESCO,211814,"Yoghurt, small individual",Kids Yoghurt,yogurt single,0.0,YOPLAIT PETITS FILOUS POUCH APRICOT 70G,£0.75,0.75,(£1.08/100g),1.08,100,g,10.8,kg,All products available for this offer,Any 3 for £2.00
2015-11-19 05:00:11.077825,TESCO,211814,"Yoghurt, small individual",Kids Yoghurt,yogurt single,0.0,THE COLLECTIVE SUCKIES STRAWBERRY YOGHURT 100G,£0.80,0.8,(£0.80/100g),0.8,100,g,8.0,kg,All products available for this offer,Any 3 for £2.00
2015-11-19 05:00:11.079300,TESCO,211814,"Yoghurt, small individual",Kids Yoghurt,yogurt single,0.0,TESCO GOODNESS VEGGIE YOGURTS 6X55G,£1.00,1.0,(£0.30/100g),0.3,100,g,3.0,kg,,
2015-11-19 05:00:11.080746,TESCO,211814,"Yoghurt, small individual",Kids Yoghurt,yogurt single,0.0,YOPLAIT PETITS FILOUS RASPBERRY POUCH 70G,£0.75,0.75,(£1.08/100g),1.08,100,g,10.8,kg,All products available for this offer,Any 3 for £2.00
2015-11-19 05:00:11.082209,TESCO,211814,"Yoghurt, small individual",Kids Yoghurt,yogurt single,0.0,MUNCH BUNCH JELLY DELIGHT STRAWBERRY 4X85G,£1.70,1.7,(£0.50/100g),0.5,100,g,5.0,kg,All products available for this offer,Any 2 for £2.00
2015-11-19 05:00:11.083691,TESCO,211814,"Yoghurt, small individual",Kids Yoghurt,yogurt single,0.0,NESQUIK SNACK (CHOCOLATE FLAVOUR) 104G,£1.00,1.0,(£9.62/kg),9.62,1.0,kg,9.62,kg,,
2015-11-19 05:00:11.085102,TESCO,211814,"Yoghurt, small individual",Kids Yoghurt,yogurt single,0.0,WILDLIFE FROMAGE FRAIS BIG POTS 4X90G,£1.00,1.0,(£0.29/100g),0.29,100,g,2.9,kg,,
2015-11-19 05:00:11.086563,TESCO,211814,"Yoghurt, small individual",Kids Yoghurt,yogurt single,0.0,FRUBES MINIONS DRINK STRAWBERRY 4 X 180G,£2.40,2.4,(£1.34/100g),1.34,100,g,13.4,kg,All products available for this offer,Any 2 for £3.00
2015-11-19 05:00:11.088120,TESCO,211814,"Yoghurt, small individual",Kids Yoghurt,yogurt single,0.0,MINIONS STRAWBERRY WHOLE MILK YOGHURT 4 X 90G,£1.00,1.0,(£0.28/100g),0.28,100,g,2.8,kg,,
2015-11-19 05:00:11.089547,TESCO,211814,"Yoghurt, small individual",Kids Yoghurt,yogurt single,0.0,LITTLE YEOS TUBES STRAWBERRY AND VANILLA 6 PACK...,£1.00,1.0,(£0.42/100g),0.42,100,g,4.2,kg,,
2015-11-19 05:00:11.090965,TESCO,211814,"Yoghurt, small individual",Kids Yoghurt,yogurt single,0.0,THE COLLECTIVE BLUEBERRY SUCKIE 100G,£0.80,0.8,(£0.80/100g),0.8,100,g,8.0,kg,All products available for this offer,Any 3 for £2.00
2015-11-19 05:00:11.092494,TESCO,211814,"Yoghurt, small individual",Kids Yoghurt,yogurt single,0.0,DISNEY PRINCESS MIXED FRUIT TUBES 9X40G,£1.50,1.5,(£0.42/100g),0.42,100,g,4.2,kg,,
2015-11-19 05:00:11.093915,TESCO,211814,"Yoghurt, small individual",Kids Yoghurt,yogurt single,0.0,FRUBES MINIONS DRINK STRAWBERRY AND BANANA 4X18...,£2.40,2.4,(£0.33/100g),0.33,100,g,3.3,kg,All products available for this offer,Any 2 for £3.00
2015-11-19 05:00:11.095392,TESCO,211814,"Yoghurt, small individual",Kids Yoghurt,yogurt single,0.0,TESCO GOODNESS FROMAGE FRAIS STRAWBERRY AND BAN...,£1.00,1.0,(£0.33/100g),0.33,100,g,3.3,kg,,
2015-11-19 05:00:11.097540,TESCO,211814,"Yoghurt, small individual",Kids Yoghurt,yogurt single,0.0,THE COLLECTIVE RASPBERRY SUCKIE 100G,£0.80,0.8,(£0.80/100g),0.8,100,g,8.0,kg,All products available for this offer,Any 3 for £2.00
2015-11-19 05:00:11.099049,TESCO,211814,"Yoghurt, small individual",Kids Yoghurt,yogurt single,0.0,DISNEY FROZEN STRAWBERRY YOGHURT SHAKE 250G,£1.30,1.3,(£0.52/100g),0.52,100,g,5.2,kg,,
2015-11-19 05:00:11.100534,TESCO,211814,"Yoghurt, small individual",Kids Yoghurt,yogurt single,0.0,MUNCH BUNCH JELLY DELIGHT BLACKCURRANT AND RASP...,£1.70,1.7,(£2.00/100g),2.0,100,g,20.0,kg,All products available for this offer,Any 2 for £2.00
2015-11-19 05:00:11.102028,TESCO,211814,"Yoghurt, small individual",Kids Yoghurt,yogurt single,0.0,YEO VALLEY ORGANIC LITTLE YEO'S NATURAL 6 X 45G,£1.00,1.0,(£0.37/100g),0.37,100,g,3.7,kg,,
2015-11-19 05:00:11.124037,TESCO,211807,Yoghurt/Fromage Frais ,Natural & Greek Yoghurt,fromage frais,0.0,OYKOS STRAWBERRY GREEK STYLE YOGHURT 4X110G,£2.00,2.0,(£0.46/100g),0.46,100,g,4.6,kg,,
2015-11-19 05:00:11.126098,TESCO,211807,Yoghurt/Fromage Frais ,Natural & Greek Yoghurt,fromage frais,0.0,YEO VALLEY MANGO AND VANILLA YOGHURT 450G,£1.50,1.5,(£0.33/100g),0.33,100,g,3.3,kg,All products available for this offer,Any 2 for £2.00
2015-11-19 05:00:11.127621,TESCO,211807,Yoghurt/Fromage Frais ,Natural & Greek Yoghurt,fromage frais,0.0,TESCO FINEST 0% FAT GREEK YOGHURT 500G,£1.75,1.75,(£0.35/100g),0.35,100,g,3.5,kg,,
2015-11-19 05:00:11.129054,TESCO,211807,Yoghurt/Fromage Frais ,Natural & Greek Yoghurt,fromage frais,0.0,LIBERTE HONEY YOGHURT 4X100G,£2.20,2.2,(£0.55/100g),0.55,100,g,5.5,kg,All products available for this offer,Any 2 for £3.00
2015-11-19 05:00:11.130532,TESCO,211807,Yoghurt/Fromage Frais ,Natural & Greek Yoghurt,fromage frais,0.0,YEO VALLEY GREEK STYLE NATURAL YOGHURT 450G,£1.70,1.7,(£0.38/100g),0.38,100,g,3.8,kg,All products available for this offer,Any 2 for £3.00
2015-11-19 05:00:11.132097,TESCO,211807,Yoghurt/Fromage Frais ,Natural & Greek Yoghurt,fromage frais,0.0,LIBERTE GREEK PEACH YOGHURT 4X100G,£2.20,2.2,(£5.50/kg),5.5,1.0,kg,5.5,kg,All products available for this offer,Any 2 for £3.00
2015-11-19 05:00:11.133588,TESCO,211807,Yoghurt/Fromage Frais ,Natural & Greek Yoghurt,fromage frais,0.0,OYKOS PEACH GREEK STYLE YOGHURT 4X110G,£2.00,2.0,(£0.46/100g),0.46,100,g,4.6,kg,,
2015-11-19 05:00:11.134993,TESCO,211807,Yoghurt/Fromage Frais ,Natural & Greek Yoghurt,fromage frais,0.0,TESCO 0% FAT GREEK STYLE YOGHURT 4X100G,£1.00,1.0,(£0.25/100g),0.25,100,g,2.5,kg,,
2015-11-19 05:00:11.136517,TESCO,211807,Yoghurt/Fromage Frais ,Natural & Greek Yoghurt,fromage frais,0.0,LACTOFREE STRAWBERRY & RASPBERRY YOGHURT 4X125G,£1.60,1.6,(£0.32/100g),0.32,100,g,3.2,kg,,
2015-11-19 05:00:11.137937,TESCO,211807,Yoghurt/Fromage Frais ,Natural & Greek Yoghurt,fromage frais,0.0,MULLER LIGHT FRUITOPOLIS YELLOW FRUIT 4X130G,£2.49,2.49,(£0.48/100g),0.48,100,g,4.8,kg,All products available for this offer,Any 2 for £4.00
2015-11-19 05:00:11.139419,TESCO,211807,Yoghurt/Fromage Frais ,Natural & Greek Yoghurt,fromage frais,0.0,ARLA SKYR NATURAL 450G,£1.80,1.8,(£0.40/100g),0.4,100,g,4.0,kg,All products available for this offer,Any 2 for £3.00
2015-11-19 05:00:11.140935,TESCO,211807,Yoghurt/Fromage Frais ,Natural & Greek Yoghurt,fromage frais,0.0,DANIO BLUEBERRY YOGHURT 150G,£0.85,0.85,(£0.57/100g),0.57,100,g,5.7,kg,All products available for this offer,Any 4 for £3.00
2015-11-19 05:00:11.142406,TESCO,211807,Yoghurt/Fromage Frais ,Natural & Greek Yoghurt,fromage frais,0.0,TESCO GREEK STYLE HONEY YOGHURT 4 X 100G,£1.25,1.25,(£0.31/100g),0.31,100,g,3.1,kg,,
2015-11-19 05:00:11.143864,TESCO,211807,Yoghurt/Fromage Frais ,Natural & Greek Yoghurt,fromage frais,0.0,TESCO COCONUT YOGHURT 450G,£0.95,0.95,(£0.21/100g),0.21,100,g,2.1,kg,,
2015-11-19 05:00:11.145297,TESCO,211807,Yoghurt/Fromage Frais ,Natural & Greek Yoghurt,fromage frais,0.0,TESCO LOW FAT NATURAL YOGHURT 4X100G,£1.00,1.0,(£0.25/100g),0.25,100,g,2.5,kg,,
2015-11-19 05:00:11.146732,TESCO,211807,Yoghurt/Fromage Frais ,Natural & Greek Yoghurt,fromage frais,0.0,DANIO 0% STRAWBERRY 150G,£0.85,0.85,(£0.57/100g),0.57,100,g,5.7,kg,All products available for this offer,Any 4 for £3.00
2015-11-19 05:00:11.148293,TESCO,211807,Yoghurt/Fromage Frais ,Natural & Greek Yoghurt,fromage frais,0.0,TOTAL 0% FAT GREEK HONEY YOGHURT 170G,£1.10,1.1,(£0.65/100g),0.65,100,g,6.5,kg,All products available for this offer,Any 4 for £3.00
2015-11-19 05:00:11.149773,TESCO,211807,Yoghurt/Fromage Frais ,Natural & Greek Yoghurt,fromage frais,0.0,TESCO FINEST GREEK YOGHURT 500G,£1.75,1.75,(£0.35/100g),0.35,100,g,3.5,kg,,
2015-11-19 05:00:11.151174,TESCO,211807,Yoghurt/Fromage Frais ,Natural & Greek Yoghurt,fromage frais,0.0,MULLER LIGHT GREEK RASPBERRY YOGHURT 4X120G,£2.49,2.49,(£0.52/100g),0.52,100,g,5.2,kg,All products available for this offer,Any 2 for £4.00
2015-11-19 05:00:11.152693,TESCO,211807,Yoghurt/Fromage Frais ,Natural & Greek Yoghurt,fromage frais,0.0,YEO VALLEY 0% FAT NATURAL YOGHURT 1KG,£2.50,2.5,(£0.25/100g),0.25,100,g,2.5,kg,,
2015-11-19 05:00:11.213085,TESCO,211814,"Yoghurt, small individual",Yoghurt Drinks,yogurt single,0.0,UPBEAT PROTEIN DRINK RASPBERRY AND BLUEBERRY 25...,£1.75,1.75,(£0.70/100ml),0.7,100,ml,7.0,l,,
2015-11-19 05:00:11.214519,TESCO,211814,"Yoghurt, small individual",Yoghurt Drinks,yogurt single,0.0,MARS HIGH PROTEIN SPORTSCAP 376ML,£2.00,2.0,(£0.53/100ml),0.53,100,ml,5.3,l,All products available for this offer,Any 2 for £3.00
2015-11-19 05:00:11.216009,TESCO,211814,"Yoghurt, small individual",Yoghurt Drinks,yogurt single,0.0,TESCO CHOLESTEROL REDUCING ORIGINAL YOGHURT DRI...,£2.25,2.25,(£0.38/100g),0.38,100,g,3.8,kg,,
2015-11-19 05:00:11.217480,TESCO,211814,"Yoghurt, small individual",Yoghurt Drinks,yogurt single,0.0,FOR GOODNESS SHAKES PROTEIN CHOCOLATE 475ML,£1.99,1.99,(£0.42/100ml),0.42,100,ml,4.2,l,SAVE 51p Was £2.50 Now £1.99 - all products for this offer,SAVE 51p Was £2.50 Now £1.99
2015-11-19 05:00:11.218983,TESCO,211814,"Yoghurt, small individual",Yoghurt Drinks,yogurt single,0.0,UPBEAT PROTEIN DRINK CHOCOLATE ORANGE 250ML,£1.75,1.75,(£0.70/100ml),0.7,100,ml,7.0,l,,
2015-11-19 05:00:11.220441,TESCO,211814,"Yoghurt, small individual",Yoghurt Drinks,yogurt single,0.0,TEAM SKY HIGH PROTECT RASPBERRY AND BLUEBERRY 3...,£2.50,2.5,(£0.76/100ml),0.76,100,ml,7.6,l,,
2015-11-19 05:00:11.221840,TESCO,211814,"Yoghurt, small individual",Yoghurt Drinks,yogurt single,0.0,FOR GOODNESS SHAKES ULTIMATE CHOCOLATE 475ML,£2.49,2.49,(£0.52/100ml),0.52,100,ml,5.2,l,SAVE 51p Was £3.00 Now £2.49 - all products for this offer,SAVE 51p Was £3.00 Now £2.49
2015-11-19 05:00:11.223351,TESCO,211814,"Yoghurt, small individual",Yoghurt Drinks,yogurt single,0.0,FOR GOODNESS SHAKES PROTEIN STRAWBERRY 475ML,£1.99,1.99,(£0.42/100ml),0.42,100,ml,4.2,l,SAVE 51p Was £2.50 Now £1.99 - all products for this offer,SAVE 51p Was £2.50 Now £1.99
2015-11-19 05:00:11.224920,TESCO,211814,"Yoghurt, small individual",Yoghurt Drinks,yogurt single,0.0,SNICKERS HIGH PROTEIN SPORTSCAP 376ML,£2.00,2.0,(£0.53/100ml),0.53,100,ml,5.3,l,All products available for this offer,Any 2 for £3.00
2015-11-19 05:00:11.226396,TESCO,211814,"Yoghurt, small individual",Yoghurt Drinks,yogurt single,0.0,FOR GOODNESS SHAKES PROTEIN NUTRITION STRAWBERR...,£1.25,1.25,(£0.40/100ml),0.4,100,ml,4.0,l,SAVE 50p Was £1.75 Now £1.25 - all products for this offer,SAVE 50p Was £1.75 Now £1.25
2015-11-19 05:00:11.227922,TESCO,211814,"Yoghurt, small individual",Yoghurt Drinks,yogurt single,0.0,FOR GOODNESS SHAKES ULTIMATE STRAWBERRY 475ML,£2.49,2.49,(£0.52/100ml),0.52,100,ml,5.2,l,SAVE 51p Was £3.00 Now £2.49 - all products for this offer,SAVE 51p Was £3.00 Now £2.49
2015-11-19 05:00:11.229444,TESCO,211814,"Yoghurt, small individual",Yoghurt Drinks,yogurt single,0.0,FOR GOODNESS SHAKES PROTEIN NUTRITION CHOCOLATE...,£1.25,1.25,(£0.40/100ml),0.4,100,ml,4.0,l,SAVE 50p Was £1.75 Now £1.25 - all products for this offer,SAVE 50p Was £1.75 Now £1.25
2015-11-19 05:00:11.230921,TESCO,211814,"Yoghurt, small individual",Yoghurt Drinks,yogurt single,0.0,TEAM SKY SMOOTHIE ORANGE AND MANGO 330ML,£2.50,2.5,(£0.76/100ml),0.76,100,ml,7.6,l,,
2015-11-19 05:00:11.232385,TESCO,211814,"Yoghurt, small individual",Yoghurt Drinks,yogurt single,0.0,OPTIWELL STRAWBERRY AND RASPBERRY YOGHURT DRINK...,£1.79,1.79,(£1.79/l),1.79,1.0,l,1.79,l,,
2015-11-19 05:00:11.233780,TESCO,211814,"Yoghurt, small individual",Yoghurt Drinks,yogurt single,0.0,CNP PROTEIN DRINK VANILLA 475ML,£2.50,2.5,(£5.27/l),5.27,1.0,l,5.27,l,,
2015-11-19 05:00:11.235171,TESCO,211814,"Yoghurt, small individual",Yoghurt Drinks,yogurt single,0.0,CNP PROTEIN DRINK CHOCOLATE 475ML,£2.50,2.5,(£5.27/l),5.27,1.0,l,5.27,l,,
2015-11-19 05:00:11.236601,TESCO,211814,"Yoghurt, small individual",Yoghurt Drinks,yogurt single,0.0,OPTIWELL PEACH AND APRICOT YOGHURT DRINK 1LTR,£1.79,1.79,(£1.79/l),1.79,1.0,l,1.79,l,,
2015-11-19 05:00:11.350461,TESCO,211807,Yoghurt/Fromage Frais ,Multipack Yoghurts,fromage frais,0.0,MULLER CORNER BLISS STRAWBERRY 4X110G,£1.34,1.34,(£0.31/100g),0.31,100,g,3.1,kg,Half Price Was £2.69 Now £1.34 - all products for this offer,Half Price Was £2.69 Now £1.34
2015-11-19 05:00:11.352021,TESCO,211807,Yoghurt/Fromage Frais ,Multipack Yoghurts,fromage frais,0.0,ACTIVIA 0% FAT VANILLA YOGHURT 4X125G,£2.00,2.0,(£0.40/100g),0.4,100,g,4.0,kg,All products available for this offer,Any 2 for £3.00
2015-11-19 05:00:11.354135,TESCO,211807,Yoghurt/Fromage Frais ,Multipack Yoghurts,fromage frais,0.0,MULLER LIGHT GOODIES LEMON MERINGUE 4 PACK,£1.34,1.34,(£0.34/each),0.34,1.0,each,0.34,each,Half Price Was £2.69 Now £1.34 - all products for this offer,Half Price Was £2.69 Now £1.34
2015-11-19 05:00:11.355662,TESCO,211807,Yoghurt/Fromage Frais ,Multipack Yoghurts,fromage frais,0.0,MUNCH BUNCH SQUASHUMS STRAWBERRY 6X60G,£2.00,2.0,(£0.56/100g),0.56,100,g,5.6,kg,All products available for this offer,Any 2 for £3.00
2015-11-19 05:00:11.357174,TESCO,211807,Yoghurt/Fromage Frais ,Multipack Yoghurts,fromage frais,0.0,MULLER LIGHT GREEK STRAWBERRY YOGHURT 4X120G,£2.49,2.49,(£0.52/100g),0.52,100,g,5.2,kg,All products available for this offer,Any 2 for £4.00
2015-11-19 05:00:11.358651,TESCO,211807,Yoghurt/Fromage Frais ,Multipack Yoghurts,fromage frais,0.0,ACTIVIA INTENSELY CREAMY RASPBERRY 4X110G,£2.40,2.4,(£0.55/100g),0.55,100,g,5.5,kg,All products available for this offer,Any 2 for £4.00
2015-11-19 05:00:11.360156,TESCO,211807,Yoghurt/Fromage Frais ,Multipack Yoghurts,fromage frais,0.0,PETITS FILOUS GREEK STYLE YOGHURT 6 X 55G,£1.00,1.0,(£0.30/100g),0.3,100,g,3.0,kg,SAVE 50p Was £1.50 Now £1.00 - all products for this offer,SAVE 50p Was £1.50 Now £1.00
2015-11-19 05:00:11.361682,TESCO,211807,Yoghurt/Fromage Frais ,Multipack Yoghurts,fromage frais,0.0,MUNCH BUNCH DOUBLE UP STRAWBERRY RASPBERRY YOGH...,£1.70,1.7,(£0.50/100g),0.5,100,g,5.0,kg,All products available for this offer,Any 2 for £2.00
2015-11-19 05:00:11.363156,TESCO,211807,Yoghurt/Fromage Frais ,Multipack Yoghurts,fromage frais,0.0,MULLER CORNER GREEK STYLE CHERRY YOGHURT 4X150G,£1.34,1.34,(£0.22/100g),0.22,100,g,2.2,kg,Half Price Was £2.69 Now £1.34 - all products for this offer,Half Price Was £2.69 Now £1.34
2015-11-19 05:00:11.364762,TESCO,211807,Yoghurt/Fromage Frais ,Multipack Yoghurts,fromage frais,0.0,ACTIVIA MIXED FRUIT YOGHURT 8X125G,£2.90,2.9,(£0.29/100g),0.29,100,g,2.9,kg,,
2015-11-19 05:00:11.366190,TESCO,211807,Yoghurt/Fromage Frais ,Multipack Yoghurts,fromage frais,0.0,WEIGHT WATCHERS SUMMER FRUIT YOGHURT 4X120G,£1.00,1.0,(£0.21/100g),0.21,100,g,2.1,kg,,
2015-11-19 05:00:11.367636,TESCO,211807,Yoghurt/Fromage Frais ,Multipack Yoghurts,fromage frais,0.0,MULLER CORNER BLISS RASPBERRY 4X110G,£1.34,1.34,(£0.31/100g),0.31,100,g,3.1,kg,Half Price Was £2.69 Now £1.34 - all products for this offer,Half Price Was £2.69 Now £1.34
2015-11-19 05:00:11.369149,TESCO,211807,Yoghurt/Fromage Frais ,Multipack Yoghurts,fromage frais,0.0,MULLER LIGHT GREEK MANGO YOGHURT 4X120G,£2.49,2.49,(£0.52/100g),0.52,100,g,5.2,kg,All products available for this offer,Any 2 for £4.00
2015-11-19 05:00:11.370635,TESCO,211807,Yoghurt/Fromage Frais ,Multipack Yoghurts,fromage frais,0.0,YEO VALLEY STRAWBERRY YOGHURT 4X120G,£1.75,1.75,(£0.37/100g),0.37,100,g,3.7,kg,All products available for this offer,Any 2 for £3.00
2015-11-19 05:00:11.372176,TESCO,211807,Yoghurt/Fromage Frais ,Multipack Yoghurts,fromage frais,1.0,MUNCH BUNCH FROMAGE FRAIS REDUCED SUGAR 6 X 42G,£1.60,1.6,(£0.64/100g),0.64,100,g,6.4,kg,All products available for this offer,Any 2 for £2.00
2015-11-19 05:00:11.373678,TESCO,211807,Yoghurt/Fromage Frais ,Multipack Yoghurts,fromage frais,0.0,ACTIVIA INTENSELY CREAMY PEACH YOGHURT 4X110G,£2.40,2.4,(£0.50/100g),0.5,100,g,5.0,kg,All products available for this offer,Any 2 for £4.00
2015-11-19 05:00:11.375903,TESCO,211807,Yoghurt/Fromage Frais ,Multipack Yoghurts,fromage frais,0.0,MUNCH BUNCH SQUASHUM STRAWBERRY AND RASPBERRY 6...,£2.00,2.0,(£0.56/100g),0.56,100,g,5.6,kg,All products available for this offer,Any 2 for £3.00
2015-11-19 05:00:11.377468,TESCO,211807,Yoghurt/Fromage Frais ,Multipack Yoghurts,fromage frais,0.0,MUNCH BUNCH WHOLE MILK FRUIT VARIETY 4X100G,£1.60,1.6,(£0.40/100g),0.4,100,g,4.0,kg,All products available for this offer,Any 2 for £2.00
2015-11-19 05:00:11.378957,TESCO,211807,Yoghurt/Fromage Frais ,Multipack Yoghurts,fromage frais,0.0,FRUBES POUCHES STRAWBERRY AND RASPBERRY 6X70G,£2.00,2.0,(£0.48/100g),0.48,100,g,4.8,kg,All products available for this offer,Any 2 for £3.00
2015-11-19 05:00:11.380490,TESCO,211807,Yoghurt/Fromage Frais ,Multipack Yoghurts,fromage frais,1.0,THOMAS AND FRIENDS FROMAGE FRAIS 6X45G,£1.00,1.0,(£0.37/100g),0.37,100,g,3.7,kg,,
2015-11-19 05:00:11.398255,TESCO,211709,"Shop Milk, whole milk",Fresh Milk,whole,0.0,ALPRO FRESH ORIGINAL ALMOND MILK ALTERNATIVE 1 ...,£1.80,1.8,(£1.80/l),1.8,1.0,l,1.8,l,,
2015-11-19 05:00:11.399818,TESCO,211709,"Shop Milk, whole milk",Fresh Milk,whole,0.0,T.SKIMMED LONGLIFE MILK 1L,£0.90,0.9,(£0.90/l),0.9,1.0,l,0.9,l,,
2015-11-19 05:00:11.402091,TESCO,211709,"Shop Milk, whole milk",Fresh Milk,whole,0.0,TESCO BRITISH SKIMMED LONGLIFE MILK 6X1L,£4.75,4.75,(£0.79/l),0.79,1.0,l,0.79,l,,
2015-11-19 05:00:11.403560,TESCO,211709,"Shop Milk, whole milk",Fresh Milk,whole,0.0,TESCO PURE BRITISH SEMI SKIMMED MILK 1L,£0.95,0.95,(£0.95/l),0.95,1.0,l,0.95,l,,
2015-11-19 05:00:11.405016,TESCO,211709,"Shop Milk, whole milk",Fresh Milk,whole,0.0,ST HELEN'S SEMI SKIMMED GOATS MILK 1L,£1.60,1.6,(£1.60/l),1.6,1.0,l,1.6,l,,
2015-11-19 05:00:11.406603,TESCO,211709,"Shop Milk, whole milk",Fresh Milk,whole,0.0,TESCO STRAWBERRY FLAVOURED MILK 1L,£1.20,1.2,(£0.12/100ml),0.12,100,ml,1.2,l,All products available for this offer,Any 2 for £2.00
2015-11-19 05:00:11.408124,TESCO,211709,"Shop Milk, whole milk",Fresh Milk,whole,1.0,TESCO WHOLE LONGLIFE MILK 1L,£0.90,0.9,(£0.90/l),0.9,1.0,l,0.9,l,,
2015-11-19 05:00:11.409595,TESCO,211709,"Shop Milk, whole milk",Fresh Milk,whole,0.0,TESCO ORGANIC BRITISH SKIMMED MILK 1.136L/2PINT...,£1.10,1.1,(£0.97/l),0.97,1.0,l,0.97,l,,
2015-11-19 05:00:11.411007,TESCO,211709,"Shop Milk, whole milk",Fresh Milk,whole,0.0,TESCO SKIMMED LONGLIFE MILK 500ML,£0.54,0.54,(£1.08/l),1.08,1.0,l,1.08,l,,
2015-11-19 05:00:11.416578,TESCO,211709,"Shop Milk, whole milk",Fresh Milk,whole,1.0,ST HELEN'S FRESH WHOLE GOATS MILK 1L,£1.60,1.6,(£1.60/l),1.6,1.0,l,1.6,l,,
2015-11-19 05:00:11.418025,TESCO,211709,"Shop Milk, whole milk",Fresh Milk,whole,1.0,LACTOFREE FRESH WHOLE MILK 1L,£1.35,1.35,(£1.35/l),1.35,1.0,l,1.35,l,,
2015-11-19 05:00:11.419443,TESCO,211709,"Shop Milk, whole milk",Fresh Milk,whole,0.0,ALPRO FRESH COCONUT MILK ALTERNATIVE 1 LITRE,£1.80,1.8,(£1.80/l),1.8,1.0,l,1.8,l,,
2015-11-19 05:00:11.420916,TESCO,211709,"Shop Milk, whole milk",Fresh Milk,whole,0.0,YAZOO CHILLED BANANA FLAVOUR MILKSHAKE 400ML,£1.00,1.0,(£0.25/100ml),0.25,100,ml,2.5,l,,
2015-11-19 05:00:11.422362,TESCO,211709,"Shop Milk, whole milk",Fresh Milk,whole,0.0,TESCO BANANA FLAVOURED MILK 1L,£1.20,1.2,(£0.12/100ml),0.12,100,ml,1.2,l,All products available for this offer,Any 2 for £2.00
2015-11-19 05:00:11.423908,TESCO,211709,"Shop Milk, whole milk",Fresh Milk,whole,0.0,LACTOFREE SKIMMED MILK 1L,£1.35,1.35,(£1.35/l),1.35,1.0,l,1.35,l,,
2015-11-19 05:00:11.425343,TESCO,211709,"Shop Milk, whole milk",Fresh Milk,whole,0.0,FRIJJ CHOCOLATE MILKSHAKE 471ML,£0.65,0.65,(£0.14/100ml),0.14,100,ml,1.4,l,Half Price Was £1.30 Now 65p - all products for this offer,Half Price Was £1.30 Now 65p
2015-11-19 05:00:11.428259,TESCO,211709,"Shop Milk, whole milk",Fresh Milk,whole,0.0,FRIJJ CHOCOLATE FUDGE BROWNIE MILKSHAKE 471ML,£0.65,0.65,(£0.14/100ml),0.14,100,ml,1.4,l,Half Price Was £1.30 Now 65p - all products for this offer,Half Price Was £1.30 Now 65p
2015-11-19 05:00:11.429771,TESCO,211709,"Shop Milk, whole milk",Fresh Milk,whole,0.0,ALMOND BREEZE UNSWEETENED MILK ALTERNATIVE 1 LI...,£1.50,1.5,(£1.50/l),1.5,1.0,l,1.5,l,All products available for this offer,Any 3 for £4.00
2015-11-19 05:00:11.431257,TESCO,211709,"Shop Milk, whole milk",Fresh Milk,whole,0.0,KOKO DAIRY FREE ORIGINAL PLUS CALCIUM FRESH MIL...,£1.40,1.4,(£1.40/l),1.4,1.0,l,1.4,l,,
2015-11-19 05:00:11.443284,TESCO,310207,"Bitter, 4 cans, 3.4%-7.5% ABV",Beer - Ale & Bitter,bitter,0.0,BOMBARDIER ENGLISH ALE 500ML,£1.79,1.79,(£3.58/l),3.58,1.0,l,3.58,l,All products available for this offer,Any 4 for £6.00
2015-11-19 05:00:11.444885,TESCO,310207,"Bitter, 4 cans, 3.4%-7.5% ABV",Beer - Ale & Bitter,bitter,0.0,MCEWANS CHAMPION ALE 500ML,£1.79,1.79,(£3.58/l),3.58,1.0,l,3.58,l,All products available for this offer,Any 4 for £6.00
2015-11-19 05:00:11.450675,TESCO,310207,"Bitter, 4 cans, 3.4%-7.5% ABV",Beer - Ale & Bitter,bitter,0.0,SHARP'S WOLF ROCK RED IPA 500ML,£1.79,1.79,(£3.58/l),3.58,1.0,l,3.58,l,All products available for this offer,Any 4 for £6.00
2015-11-19 05:00:11.452247,TESCO,310207,"Bitter, 4 cans, 3.4%-7.5% ABV",Beer - Ale & Bitter,bitter,0.0,BADGER POACHERS CHOICE 500ML,£1.79,1.79,(£3.58/l),3.58,1.0,l,3.58,l,All products available for this offer,Any 4 for £6.00
2015-11-19 05:00:11.453773,TESCO,310207,"Bitter, 4 cans, 3.4%-7.5% ABV",Beer - Ale & Bitter,bitter,0.0,GOLDEN SHEEP FINEST ALE 500ML,£1.79,1.79,(£3.58/l),3.58,1.0,l,3.58,l,All products available for this offer,Any 4 for £6.00
2015-11-19 05:00:11.455254,TESCO,310207,"Bitter, 4 cans, 3.4%-7.5% ABV",Beer - Ale & Bitter,bitter,0.0,SIERRA NEVADA 350ML,£1.79,1.79,(£5.12/l),5.12,1.0,l,5.12,l,All products available for this offer,Any 4 for £6.00
2015-11-19 05:00:11.456782,TESCO,310207,"Bitter, 4 cans, 3.4%-7.5% ABV",Beer - Ale & Bitter,bitter,0.0,FULLERS LONDON PRIDE 4X500ML CANS,£5.00,5.0,(£2.50/l),2.5,1.0,l,2.5,l,,
2015-11-19 05:00:11.458217,TESCO,310207,"Bitter, 4 cans, 3.4%-7.5% ABV",Beer - Ale & Bitter,bitter,1.0,TESCO EVERYDAY VALUE BITTER 2.1% 4X440ML,£1.00,1.0,(£0.57/l),0.57,1.0,l,0.57,l,,
2015-11-19 05:00:11.459668,TESCO,310207,"Bitter, 4 cans, 3.4%-7.5% ABV",Beer - Ale & Bitter,bitter,0.0,BOONDOGGLE 500ML,£1.79,1.79,(£3.58/l),3.58,1.0,l,3.58,l,All products available for this offer,Any 4 for £6.00
2015-11-19 05:00:11.462357,TESCO,310207,"Bitter, 4 cans, 3.4%-7.5% ABV",Beer - Ale & Bitter,bitter,0.0,OLD SPECKLED HEN 6X500ML,£7.00,7.0,(£2.34/l),2.34,1.0,l,2.34,l,,
2015-11-19 05:00:11.463820,TESCO,310207,"Bitter, 4 cans, 3.4%-7.5% ABV",Beer - Ale & Bitter,bitter,0.0,THWAITES WAINWRIGHT ALE 500ML,£1.79,1.79,(£3.58/l),3.58,1.0,l,3.58,l,All products available for this offer,Any 4 for £6.00
2015-11-19 05:00:11.465327,TESCO,310207,"Bitter, 4 cans, 3.4%-7.5% ABV",Beer - Ale & Bitter,bitter,0.0,OLD GOLDEN HEN 4X500ML,£5.00,5.0,(£2.50/l),2.5,1.0,l,2.5,l,All products available for this offer,Any 2 for £8.00
2015-11-19 05:00:11.466807,TESCO,310207,"Bitter, 4 cans, 3.4%-7.5% ABV",Beer - Ale & Bitter,bitter,0.0,GREENE KING IPA 4X500ML CANS,£3.75,3.75,(£1.88/l),1.88,1.0,l,1.88,l,,
2015-11-19 05:00:11.468262,TESCO,310207,"Bitter, 4 cans, 3.4%-7.5% ABV",Beer - Ale & Bitter,bitter,0.0,ADNAMS GHOST SHIP 4X440ML (L),£5.00,5.0,(£2.85/l),2.85,1.0,l,2.85,l,All products available for this offer,Any 2 for £8.00
2015-11-19 05:00:11.469746,TESCO,310207,"Bitter, 4 cans, 3.4%-7.5% ABV",Beer - Ale & Bitter,bitter,0.0,GOLDEN ALES 6X500ML,£8.00,8.0,(£2.67/l),2.67,1.0,l,2.67,l,,
2015-11-19 05:00:11.471155,TESCO,310207,"Bitter, 4 cans, 3.4%-7.5% ABV",Beer - Ale & Bitter,bitter,0.0,GREENE KING IPA 500ML,£1.24,1.24,(£2.48/l),2.48,1.0,l,2.48,l,,
2015-11-19 05:00:11.479779,TESCO,211305,"Spreadable butter, 500g, 40-70% butter content","Butter, Spreads & Margarine",spreadable butter 500g,0.67,LURPAK UNSALTED SPREADABLE 500G,£3.25,3.25,(£6.50/kg),6.5,1.0,kg,6.5,kg,,
2015-11-19 05:00:11.481293,TESCO,211305,"Spreadable butter, 500g, 40-70% butter content","Butter, Spreads & Margarine",spreadable butter 500g,0.33,FLORA PRO.ACTIV LIGHT SPREAD 500G,£3.00,3.0,(£6.00/kg),6.0,1.0,kg,6.0,kg,SAVE 50p Was £3.50 Now £3.00 - all products for this offer,SAVE 50p Was £3.50 Now £3.00
2015-11-19 05:00:11.483213,TESCO,310207,"Bitter, 4 cans, 3.4%-7.5% ABV",Beer - Ale & Bitter,bitter,0.0,OLD THUMPER 500ML,£1.79,1.79,(£3.58/l),3.58,1.0,l,3.58,l,All products available for this offer,Any 4 for £6.00
2015-11-19 05:00:11.484796,TESCO,310207,"Bitter, 4 cans, 3.4%-7.5% ABV",Beer - Ale & Bitter,bitter,0.0,OLD GOLDEN HEN 500ML,£1.79,1.79,(£3.58/l),3.58,1.0,l,3.58,l,All products available for this offer,Any 4 for £6.00
2015-11-19 05:00:11.486293,TESCO,310207,"Bitter, 4 cans, 3.4%-7.5% ABV",Beer - Ale & Bitter,bitter,0.0,HOBGOBLIN CAN 4X500ML,£5.00,5.0,(£2.50/l),2.5,1.0,l,2.5,l,,
2015-11-19 05:00:11.487732,TESCO,310207,"Bitter, 4 cans, 3.4%-7.5% ABV",Beer - Ale & Bitter,bitter,1.0,JOHN SMITHS BITTER 12X440ML CANS,£10.00,10.0,(£1.90/l),1.9,1.0,l,1.9,l,All products available for this offer,Any 2 for £18.00
2015-11-19 05:00:11.492959,TESCO,211305,"Spreadable butter, 500g, 40-70% butter content","Butter, Spreads & Margarine",spreadable butter 500g,0.33,YEO VALLEY ORGANIC BLOCK BUTTER 250G,£1.50,1.5,(£6.00/kg),6.0,1.0,kg,6.0,kg,SAVE 20p Was £1.70 Now £1.50 - all products for this offer,SAVE 20p Was £1.70 Now £1.50
2015-11-19 05:00:11.494507,TESCO,211305,"Spreadable butter, 500g, 40-70% butter content","Butter, Spreads & Margarine",spreadable butter 500g,0.33,TESCO ORGANIC UNSALTED BUTTER 250G,£1.45,1.45,(£5.80/kg),5.8,1.0,kg,5.8,kg,,
2015-11-19 05:00:11.496015,TESCO,211305,"Spreadable butter, 500g, 40-70% butter content","Butter, Spreads & Margarine",spreadable butter 500g,0.67,TESCO BUTTERPAK SPREADABLE 500G,£1.85,1.85,(£3.70/kg),3.7,1.0,kg,3.7,kg,,
2015-11-19 05:00:11.497506,TESCO,211305,"Spreadable butter, 500g, 40-70% butter content","Butter, Spreads & Margarine",spreadable butter 500g,0.0,CLOVER LIGHTER SPREAD 1KG,£2.90,2.9,(£2.90/kg),2.9,1.0,kg,2.9,kg,,
2015-11-19 05:00:11.499000,TESCO,211305,"Spreadable butter, 500g, 40-70% butter content","Butter, Spreads & Margarine",spreadable butter 500g,0.0,TESCO FINEST GOOSE FAT 200G,£2.25,2.25,(£11.25/kg),11.25,1.0,kg,11.25,kg,,
2015-11-19 05:00:11.500507,TESCO,211305,"Spreadable butter, 500g, 40-70% butter content","Butter, Spreads & Margarine",spreadable butter 500g,0.0,TESCO OLIVE SPREAD 1KG,£1.90,1.9,(£1.90/kg),1.9,1.0,kg,1.9,kg,,
2015-11-19 05:00:11.501965,TESCO,211305,"Spreadable butter, 500g, 40-70% butter content","Butter, Spreads & Margarine",spreadable butter 500g,0.33,ANCHOR ORIGINAL SPREADABLE 250G,£1.75,1.75,(£7.00/kg),7.0,1.0,kg,7.0,kg,,
2015-11-19 05:00:11.507951,TESCO,211305,"Spreadable butter, 500g, 40-70% butter content","Butter, Spreads & Margarine",spreadable butter 500g,0.33,COUNTRY LIFE UNSALTED BLOCK BUTTER 250G,£1.30,1.3,(£5.20/kg),5.2,1.0,kg,5.2,kg,All products available for this offer,Any 2 for £2.00
2015-11-19 05:00:11.509593,TESCO,211305,"Spreadable butter, 500g, 40-70% butter content","Butter, Spreads & Margarine",spreadable butter 500g,0.33,FLORA PRO.ACTIV BUTTERY SPREAD 500G,£3.00,3.0,(£6.00/kg),6.0,1.0,kg,6.0,kg,SAVE 50p Was £3.50 Now £3.00 - all products for this offer,SAVE 50p Was £3.50 Now £3.00
2015-11-19 05:00:11.511160,TESCO,211305,"Spreadable butter, 500g, 40-70% butter content","Butter, Spreads & Margarine",spreadable butter 500g,0.33,LURPAK SLIGHTLY SALTED SPREADABLE 1KG,£5.00,5.0,(£5.00/kg),5.0,1.0,kg,5.0,kg,SAVE £1.20 Was £6.20 Now £5.00 - all products for this offer,SAVE £1.20 Was £6.20 Now £5.00
2015-11-19 05:00:11.512759,TESCO,211305,"Spreadable butter, 500g, 40-70% butter content","Butter, Spreads & Margarine",spreadable butter 500g,0.0,TESCO EVERYDAY VALUE SOFT SPREAD 1KG,£1.35,1.35,(£1.35/kg),1.35,1.0,kg,1.35,kg,,
2015-11-19 05:00:11.514240,TESCO,211305,"Spreadable butter, 500g, 40-70% butter content","Butter, Spreads & Margarine",spreadable butter 500g,0.33,PRESIDENT UNSALTED BUTTER 250G,£1.65,1.65,(£6.60/kg),6.6,1.0,kg,6.6,kg,All products available for this offer,Any 2 for £2.50
2015-11-19 05:00:11.515819,TESCO,211305,"Spreadable butter, 500g, 40-70% butter content","Butter, Spreads & Margarine",spreadable butter 500g,0.33,COUNTRY LIFE ORIGINAL SPREADABLE 750G,£3.00,3.0,(£4.00/kg),4.0,1.0,kg,4.0,kg,,
2015-11-19 05:00:11.517297,TESCO,211305,"Spreadable butter, 500g, 40-70% butter content","Butter, Spreads & Margarine",spreadable butter 500g,0.33,LURPAK GARLIC BUTTER 125G,£1.25,1.25,(£10.00/kg),10.0,1.0,kg,10.0,kg,,
2015-11-19 05:00:11.520206,TESCO,211305,"Spreadable butter, 500g, 40-70% butter content","Butter, Spreads & Margarine",spreadable butter 500g,0.33,TESCO ORGANIC BUTTER 250G,£1.45,1.45,(£5.80/kg),5.8,1.0,kg,5.8,kg,,
2015-11-19 05:00:11.521729,TESCO,211305,"Spreadable butter, 500g, 40-70% butter content","Butter, Spreads & Margarine",spreadable butter 500g,0.0,BERTOLLI ORIGINAL SPREAD 1KG,£3.00,3.0,(£3.00/kg),3.0,1.0,kg,3.0,kg,,
2015-11-19 05:00:11.523204,TESCO,211305,"Spreadable butter, 500g, 40-70% butter content","Butter, Spreads & Margarine",spreadable butter 500g,0.0,TESCO SOFT SPREAD 2KG,£3.00,3.0,(£1.50/kg),1.5,1.0,kg,1.5,kg,,
2015-11-19 05:00:11.524754,TESCO,211305,"Spreadable butter, 500g, 40-70% butter content","Butter, Spreads & Margarine",spreadable butter 500g,0.33,STORK WITH BUTTER SPREAD 400G,£2.00,2.0,(£0.50/100g),0.5,100,g,5.0,kg,,
2015-11-19 05:00:11.536248,TESCO,211501,"Cheese Cheddar, home produced, per kg",Cheddar Cheese,british cheddar,1.0,TESCO BRITISH EXTRA MATURE CHEDDAR SLICES 250G,£2.00,2.0,(£8.00/kg),8.0,1.0,kg,8.0,kg,All products available for this offer,Any 2 for £3.00
2015-11-19 05:00:11.537765,TESCO,211501,"Cheese Cheddar, home produced, per kg",Cheddar Cheese,british cheddar,0.0,CATH CITY LIGHTER SLICES 150G,£1.95,1.95,(£13.00/kg),13.0,1.0,kg,13.0,kg,All products available for this offer,Any 2 for £3.50
2015-11-19 05:00:11.543258,TESCO,211501,"Cheese Cheddar, home produced, per kg",Cheddar Cheese,british cheddar,0.5,PILGRIMS CHOICE MATURE CHEDDAR SLICES 280G,£2.00,2.0,(£7.15/kg),7.15,1.0,kg,7.15,kg,Half Price Was £4.00 Now £2.00 - all products for this offer,Half Price Was £4.00 Now £2.00
2015-11-19 05:00:11.544890,TESCO,211501,"Cheese Cheddar, home produced, per kg",Cheddar Cheese,british cheddar,0.5,TESCO LIGHTER MATURE WHITE CHEDDAR 200G,£1.40,1.4,(£7.00/kg),7.0,1.0,kg,7.0,kg,,
2015-11-19 05:00:11.546337,TESCO,211501,"Cheese Cheddar, home produced, per kg",Cheddar Cheese,british cheddar,0.0,LACTOFREE HARD CHEESE 200G,£1.80,1.8,(£9.00/kg),9.0,1.0,kg,9.0,kg,,
2015-11-19 05:00:11.547761,TESCO,211501,"Cheese Cheddar, home produced, per kg",Cheddar Cheese,british cheddar,0.0,WEIGHT WATCHERS SLICED CHEESE 160G,£2.00,2.0,(£12.50/kg),12.5,1.0,kg,12.5,kg,,
2015-11-19 05:00:11.549203,TESCO,211501,"Cheese Cheddar, home produced, per kg",Cheddar Cheese,british cheddar,0.5,TESCO EXTRA MATURE WHITE CHEDDAR 200G,£1.40,1.4,(£7.00/kg),7.0,1.0,kg,7.0,kg,,
2015-11-19 05:00:11.550641,TESCO,211501,"Cheese Cheddar, home produced, per kg",Cheddar Cheese,british cheddar,0.5,TESCO FINEST VINTAGE CANADIAN CHEDDAR 250G,£3.00,3.0,(£12.00/kg),12.0,1.0,kg,12.0,kg,,
2015-11-19 05:00:11.552100,TESCO,211501,"Cheese Cheddar, home produced, per kg",Cheddar Cheese,british cheddar,0.0,TESCO LIGHTER MEDIUM CHEESE 450G,£2.50,2.5,(£5.56/kg),5.56,1.0,kg,5.56,kg,,
2015-11-19 05:00:11.554705,TESCO,211501,"Cheese Cheddar, home produced, per kg",Cheddar Cheese,british cheddar,0.5,TESCO GOODNESS LIGHTER MILD CHEDDAR STICK 100G,£1.00,1.0,(£10.00/kg),10.0,1.0,kg,10.0,kg,,
2015-11-19 05:00:11.556208,TESCO,211501,"Cheese Cheddar, home produced, per kg",Cheddar Cheese,british cheddar,0.5,TESCO GOODNESS MINI MOONS MILD CHEDDAR 100G,£1.00,1.0,(£10.00/kg),10.0,1.0,kg,10.0,kg,,
2015-11-19 05:00:11.557619,TESCO,211501,"Cheese Cheddar, home produced, per kg",Cheddar Cheese,british cheddar,0.0,TESCO LIGHTER EXTRA MATURE CHEESE 450G,£2.50,2.5,(£5.56/kg),5.56,1.0,kg,5.56,kg,,
2015-11-19 05:00:11.559030,TESCO,211501,"Cheese Cheddar, home produced, per kg",Cheddar Cheese,british cheddar,0.5,TICKLER WHITE EXTRA MATURE CHEDDAR 350G,£4.00,4.0,(£11.43/kg),11.43,1.0,kg,11.43,kg,,
2015-11-19 05:00:11.560485,TESCO,211501,"Cheese Cheddar, home produced, per kg",Cheddar Cheese,british cheddar,0.0,TESCO EVERYDAY VALUE EXTRA MATURE WHITE CHEDDAR...,£2.48,2.48,(£5.50/kg),5.5,1.0,kg,5.5,kg,,
2015-11-19 05:00:11.561898,TESCO,211501,"Cheese Cheddar, home produced, per kg",Cheddar Cheese,british cheddar,0.5,TESCO BRITISH MATURE WHITE 800G,£4.00,4.0,(£5.00/kg),5.0,1.0,kg,5.0,kg,,
2015-11-19 05:00:11.563301,TESCO,211501,"Cheese Cheddar, home produced, per kg",Cheddar Cheese,british cheddar,0.5,TESCO FINEST VINTAGE ENGLISH CHEDDAR 250G,£3.00,3.0,(£12.00/kg),12.0,1.0,kg,12.0,kg,,
2015-11-19 05:00:11.571846,TESCO,310215,"Lager, 4 bottles, 4.3%-7.5% ABV",Beer - Lager,lager bottles,0.0,BECKS 6X275ML,£4.00,4.0,(£2.43/l),2.43,1.0,l,2.43,l,All products available for this offer,Only £4.00
2015-11-19 05:00:11.573374,TESCO,310215,"Lager, 4 bottles, 4.3%-7.5% ABV",Beer - Lager,lager bottles,0.0,BUDWEISER 12X440ML,£10.00,10.0,(£1.90/l),1.9,1.0,l,1.9,l,All products available for this offer,Any 2 for £18.00
2015-11-19 05:00:11.574884,TESCO,211501,"Cheese Cheddar, home produced, per kg",Cheddar Cheese,british cheddar,0.0,TESCO ORGANIC MATURE 450G,£3.25,3.25,(£7.23/kg),7.23,1.0,kg,7.23,kg,,
2015-11-19 05:00:11.576336,TESCO,211501,"Cheese Cheddar, home produced, per kg",Cheddar Cheese,british cheddar,0.0,TESCO ORGANIC MEDIUM 450G,£3.25,3.25,(£7.23/kg),7.23,1.0,kg,7.23,kg,,
2015-11-19 05:00:11.577738,TESCO,211501,"Cheese Cheddar, home produced, per kg",Cheddar Cheese,british cheddar,0.5,CATHEDRAL CITY CARAMELISED ONION CHEDDAR 180G,£2.50,2.5,(£1.39/100g),1.39,100,g,13.9,kg,,
2015-11-19 05:00:11.579151,TESCO,211501,"Cheese Cheddar, home produced, per kg",Cheddar Cheese,british cheddar,0.5,CATHEDRAL CITY SWEET CHILI MATURE CHEDDAR 180G,£2.50,2.5,(£1.39/100g),1.39,100,g,13.9,kg,,
2015-11-19 05:00:11.584269,TESCO,310215,"Lager, 4 bottles, 4.3%-7.5% ABV",Beer - Lager,lager bottles,0.0,STELLA ARTOIS 4X568ML,£5.00,5.0,(£2.21/l),2.21,1.0,l,2.21,l,,
2015-11-19 05:00:11.585705,TESCO,310215,"Lager, 4 bottles, 4.3%-7.5% ABV",Beer - Lager,lager bottles,0.0,CARLING ZEST 12X300ML,£6.00,6.0,(£1.67/l),1.67,1.0,l,1.67,l,,
2015-11-19 05:00:11.587112,TESCO,310215,"Lager, 4 bottles, 4.3%-7.5% ABV",Beer - Lager,lager bottles,0.0,STELLA ARTOIS 12X440ML,£10.00,10.0,(£1.90/l),1.9,1.0,l,1.9,l,All products available for this offer,Any 2 for £18.00
2015-11-19 05:00:11.588634,TESCO,310215,"Lager, 4 bottles, 4.3%-7.5% ABV",Beer - Lager,lager bottles,0.5,KRONENBOURG 1664 LAGER 18X440ML,£13.00,13.0,(£1.65/l),1.65,1.0,l,1.65,l,,
2015-11-19 05:00:11.590046,TESCO,310215,"Lager, 4 bottles, 4.3%-7.5% ABV",Beer - Lager,lager bottles,0.5,CARLING LAGER 4X440ML,£3.50,3.5,(£1.99/l),1.99,1.0,l,1.99,l,,
2015-11-19 05:00:11.591460,TESCO,310215,"Lager, 4 bottles, 4.3%-7.5% ABV",Beer - Lager,lager bottles,0.0,COORS LIGHT 4X440ML,£3.75,3.75,(£2.14/l),2.14,1.0,l,2.14,l,,
2015-11-19 05:00:11.592946,TESCO,310215,"Lager, 4 bottles, 4.3%-7.5% ABV",Beer - Lager,lager bottles,0.0,ESTRELLA DAMM BEER 660ML,£1.99,1.99,(£3.02/l),3.02,1.0,l,3.02,l,All products available for this offer,Any 3 for £5.00
2015-11-19 05:00:11.594464,TESCO,310215,"Lager, 4 bottles, 4.3%-7.5% ABV",Beer - Lager,lager bottles,0.0,BECKS 15X275ML,£9.00,9.0,(£2.19/l),2.19,1.0,l,2.19,l,SAVE £1.00 Was £10.00 Now £9.00 - all products for this offer,SAVE £1.00 Was £10.00 Now £9.00
2015-11-19 05:00:11.595981,TESCO,310215,"Lager, 4 bottles, 4.3%-7.5% ABV",Beer - Lager,lager bottles,0.0,KRONENBOURG 4X440ML,£4.00,4.0,(£2.28/l),2.28,1.0,l,2.28,l,,
2015-11-19 05:00:11.597418,TESCO,310215,"Lager, 4 bottles, 4.3%-7.5% ABV",Beer - Lager,lager bottles,0.5,TESCO PREMIUM LAGER 4 X 440ML,£2.85,2.85,(£1.62/l),1.62,1.0,l,1.62,l,,
2015-11-19 05:00:11.598827,TESCO,310215,"Lager, 4 bottles, 4.3%-7.5% ABV",Beer - Lager,lager bottles,0.0,KRONENBOURG 15X275ML,£10.00,10.0,(£2.43/l),2.43,1.0,l,2.43,l,All products available for this offer,Any 2 for £18.00
2015-11-19 05:00:11.600371,TESCO,310215,"Lager, 4 bottles, 4.3%-7.5% ABV",Beer - Lager,lager bottles,0.0,FOSTERS GOLD 15X300ML,£9.00,9.0,(£2.00/l),2.0,1.0,l,2.0,l,SAVE £1.00 Was £10.00 Now £9.00 - all products for this offer,SAVE £1.00 Was £10.00 Now £9.00
2015-11-19 05:00:11.601852,TESCO,310215,"Lager, 4 bottles, 4.3%-7.5% ABV",Beer - Lager,lager bottles,0.0,COBRA INDIAN 12X330ML,£12.00,12.0,(£3.04/l),3.04,1.0,l,3.04,l,All products available for this offer,Any 2 for £18.00
2015-11-19 05:00:11.603334,TESCO,310215,"Lager, 4 bottles, 4.3%-7.5% ABV",Beer - Lager,lager bottles,0.0,BAVARIA 5% PREMIUM BEER 500ML,£1.00,1.0,(£2.00/l),2.0,1.0,l,2.0,l,,
2015-11-19 05:00:11.605196,TESCO,310215,"Lager, 4 bottles, 4.3%-7.5% ABV",Beer - Lager,lager bottles,0.5,HEINEKEN LAGER 5% CAN 6X330ML,£5.00,5.0,(£2.53/l),2.53,1.0,l,2.53,l,,
2015-11-19 05:00:11.606696,TESCO,310215,"Lager, 4 bottles, 4.3%-7.5% ABV",Beer - Lager,lager bottles,0.0,FOSTERS RADLER 12X300ML,£8.00,8.0,(£2.23/l),2.23,1.0,l,2.23,l,,
2015-11-19 05:00:11.608215,TESCO,310215,"Lager, 4 bottles, 4.3%-7.5% ABV",Beer - Lager,lager bottles,0.0,BIRRA MORETTI 4X330ML BOTTLE,£5.00,5.0,(£3.79/l),3.79,1.0,l,3.79,l,All products available for this offer,Any 2 for £8.00
2015-11-19 05:00:11.609743,TESCO,310215,"Lager, 4 bottles, 4.3%-7.5% ABV",Beer - Lager,lager bottles,0.0,ESTRELLA 4X330ML,£5.00,5.0,(£3.79/l),3.79,1.0,l,3.79,l,All products available for this offer,Any 2 for £8.00
2015-11-19 05:00:11.644306,TESCO,310218,"Apple Cider, bottle, 4.5%-5.5% ABV",Cider,apple cider,0.0,STELLA CIDRE PEACH 500ML,£1.99,1.99,(£3.98/l),3.98,1.0,l,3.98,l,All products available for this offer,Any 3 for £5.00
2015-11-19 05:00:11.645813,TESCO,310218,"Apple Cider, bottle, 4.5%-5.5% ABV",Cider,apple cider,0.0,KOPPARBERG STRAWBERRY AND LIME ALCOHOL FREE 500...,£1.00,1.0,(£2.00/l),2.0,1.0,l,2.0,l,SAVE 29p Was £1.29 Now £1.00 - all products for this offer,SAVE 29p Was £1.29 Now £1.00
2015-11-19 05:00:11.647343,TESCO,310218,"Apple Cider, bottle, 4.5%-5.5% ABV",Cider,apple cider,0.0,KOPPARBERG MIXED FRUIT ALCOHOL FREE 500ML,£1.00,1.0,(£2.00/l),2.0,1.0,l,2.0,l,SAVE 29p Was £1.29 Now £1.00 - all products for this offer,SAVE 29p Was £1.29 Now £1.00
2015-11-19 05:00:11.648866,TESCO,310218,"Apple Cider, bottle, 4.5%-5.5% ABV",Cider,apple cider,0.0,BULMERS 17 6X568ML,£9.00,9.0,(£2.65/l),2.65,1.0,l,2.65,l,,
2015-11-19 05:00:11.650291,TESCO,310218,"Apple Cider, bottle, 4.5%-5.5% ABV",Cider,apple cider,0.0,BULMERS BOLD BLACK CHERRY 568ML,£1.99,1.99,(£3.51/l),3.51,1.0,l,3.51,l,All products available for this offer,Any 3 for £5.00
2015-11-19 05:00:11.651804,TESCO,310218,"Apple Cider, bottle, 4.5%-5.5% ABV",Cider,apple cider,0.5,STRONGBOW DARK FRUIT CIDER 4X440ML,£5.00,5.0,(£2.85/l),2.85,1.0,l,2.85,l,All products available for this offer,Any 2 for £8.00
2015-11-19 05:00:11.653305,TESCO,310218,"Apple Cider, bottle, 4.5%-5.5% ABV",Cider,apple cider,0.0,KOPPARBERG STRAWBERRY AND LIME BOTTLE 4X330ML,£5.00,5.0,(£3.79/l),3.79,1.0,l,3.79,l,,
2015-11-19 05:00:11.654764,TESCO,310218,"Apple Cider, bottle, 4.5%-5.5% ABV",Cider,apple cider,0.5,MAGNERS IRISH CIDER CAN 4X440ML,£3.75,3.75,(£2.14/l),2.14,1.0,l,2.14,l,,
2015-11-19 05:00:11.656268,TESCO,310218,"Apple Cider, bottle, 4.5%-5.5% ABV",Cider,apple cider,0.0,ASPALL DRAUGHT SUFFOLK 500ML,£1.99,1.99,(£3.98/l),3.98,1.0,l,3.98,l,All products available for this offer,Any 3 for £5.00
2015-11-19 05:00:11.657754,TESCO,310218,"Apple Cider, bottle, 4.5%-5.5% ABV",Cider,apple cider,0.0,THATCHERS KATY MEDIUM DRY 500ML,£1.99,1.99,(£3.98/l),3.98,1.0,l,3.98,l,All products available for this offer,Any 3 for £5.00
2015-11-19 05:00:11.659227,TESCO,310218,"Apple Cider, bottle, 4.5%-5.5% ABV",Cider,apple cider,0.5,THATCHERS VINTAGE CIDER 500ML,£1.99,1.99,(£3.98/l),3.98,1.0,l,3.98,l,All products available for this offer,Any 3 for £5.00
2015-11-19 05:00:11.660749,TESCO,310218,"Apple Cider, bottle, 4.5%-5.5% ABV",Cider,apple cider,0.0,MAGNERS PEAR 8X500ML,£8.00,8.0,(£2.00/l),2.0,1.0,l,2.0,l,,
2015-11-19 05:00:11.662141,TESCO,310218,"Apple Cider, bottle, 4.5%-5.5% ABV",Cider,apple cider,1.0,KINGSTONE PRESS APPLE CIDER 500ML,£0.99,0.99,(£1.98/l),1.98,1.0,l,1.98,l,,
2015-11-19 05:00:11.663572,TESCO,310218,"Apple Cider, bottle, 4.5%-5.5% ABV",Cider,apple cider,0.5,CARLING CIDER 15X440ML,£9.00,9.0,(£1.37/l),1.37,1.0,l,1.37,l,,
2015-11-19 05:00:11.665039,TESCO,310218,"Apple Cider, bottle, 4.5%-5.5% ABV",Cider,apple cider,0.0,REKORDERLIG PEACH AND APRICOT 500ML,£2.19,2.19,(£4.38/l),4.38,1.0,l,4.38,l,All products available for this offer,Any 3 for £5.00
2015-11-19 05:00:11.666533,TESCO,310218,"Apple Cider, bottle, 4.5%-5.5% ABV",Cider,apple cider,0.0,BULMERS ZESTY BLOOD ORANGE 568ML,£1.99,1.99,(£3.51/l),3.51,1.0,l,3.51,l,All products available for this offer,Any 3 for £5.00
2015-11-19 05:00:11.668037,TESCO,310218,"Apple Cider, bottle, 4.5%-5.5% ABV",Cider,apple cider,0.5,FROME VALLEY HENNEYS CIDER 500ML,£1.99,1.99,(£3.98/l),3.98,1.0,l,3.98,l,All products available for this offer,Any 3 for £5.00
2015-11-19 05:00:11.669543,TESCO,310218,"Apple Cider, bottle, 4.5%-5.5% ABV",Cider,apple cider,0.5,WESTONS OLD ROSIE CLOUDY CIDER 500ML,£1.99,1.99,(£3.98/l),3.98,1.0,l,3.98,l,All products available for this offer,Any 3 for £5.00
2015-11-19 05:00:11.671019,TESCO,310218,"Apple Cider, bottle, 4.5%-5.5% ABV",Cider,apple cider,0.5,KOPPARBERG SPICED APPLE 500ML,£2.19,2.19,(£4.38/l),4.38,1.0,l,4.38,l,All products available for this offer,Any 3 for £5.00
2015-11-19 05:00:11.672541,TESCO,310218,"Apple Cider, bottle, 4.5%-5.5% ABV",Cider,apple cider,1.0,WESTONS STOWFORD PRESS APPLE CIDER 4X500ML,£5.00,5.0,(£2.50/l),2.5,1.0,l,2.5,l,All products available for this offer,Any 2 for £8.00
2015-11-19 05:00:11.710290,TESCO,212717,"Apples, dessert, per kg","Apples, Pears & Rhubarb",apples,1.0,TESCO EMPIRE APPLES LOOSE,£0.40,0.4,(£2.50/kg),2.5,1.0,kg,2.5,kg,,
2015-11-19 05:00:11.712796,TESCO,212717,"Apples, dessert, per kg","Apples, Pears & Rhubarb",apples,1.0,TESCO ORGANIC PINK LADY APPLES 570G,£2.50,2.5,(£4.39/kg),4.39,1.0,kg,4.39,kg,,
2015-11-19 05:00:11.788307,TESCO,212016,"Fresh/Chilled Orange Juice, eg. Tropicana",Chilled Juice,fresh orange juice,0.33,TROPICANA PINK GRAPEFRUIT JUICE 1 LITRE,£2.48,2.48,(£0.25/100ml),0.25,100,ml,2.5,l,,
2015-11-19 05:00:11.790385,TESCO,212016,"Fresh/Chilled Orange Juice, eg. Tropicana",Chilled Juice,fresh orange juice,0.33,INNOCENT APPLE JUICE 900ML,£2.39,2.39,(£0.27/100ml),0.27,100,ml,2.7,l,All products available for this offer,Any 2 for £3.50
2015-11-19 05:00:11.791929,TESCO,212016,"Fresh/Chilled Orange Juice, eg. Tropicana",Chilled Juice,fresh orange juice,0.0,TESCO APPLE AND ELDERFLOWER NOT FROM CONCENTRAT...,£1.40,1.4,(£0.14/100ml),0.14,100,ml,1.4,l,All products available for this offer,Any 3 for £3.50
2015-11-19 05:00:11.793454,TESCO,212016,"Fresh/Chilled Orange Juice, eg. Tropicana",Chilled Juice,fresh orange juice,0.0,TESCO FOREST FRUITS 1 LITRE,£1.00,1.0,(£0.10/100ml),0.1,100,ml,1.0,l,All products available for this offer,Any 4 for £3.50
2015-11-19 05:00:11.794945,TESCO,212016,"Fresh/Chilled Orange Juice, eg. Tropicana",Chilled Juice,fresh orange juice,0.33,COPELLA APPLE AND ELDERFLOWER JUICE 1.5L,£2.00,2.0,(£0.13/100ml),0.13,100,ml,1.3,l,SAVE £1.00 Was £3.00 Now £2.00 - all products for this offer,SAVE £1.00 Was £3.00 Now £2.00
2015-11-19 05:00:11.796515,TESCO,212016,"Fresh/Chilled Orange Juice, eg. Tropicana",Chilled Juice,fresh orange juice,0.67,COPELLA ORANGE JUICE SMOOTH 1.5L,£2.00,2.0,(£0.13/100ml),0.13,100,ml,1.3,l,SAVE £1.00 Was £3.00 Now £2.00 - all products for this offer,SAVE £1.00 Was £3.00 Now £2.00
2015-11-19 05:00:11.798037,TESCO,212016,"Fresh/Chilled Orange Juice, eg. Tropicana",Chilled Juice,fresh orange juice,0.0,TESCO RED GRAPE RASPBERRY AND CHERRY NOT FROM C...,£1.40,1.4,(£0.14/100ml),0.14,100,ml,1.4,l,All products available for this offer,Any 3 for £3.50
2015-11-19 05:00:11.799542,TESCO,212016,"Fresh/Chilled Orange Juice, eg. Tropicana",Chilled Juice,fresh orange juice,0.33,TESCO ORANGE BITS 1.5 LITRE,£1.70,1.7,(£0.11/100ml),0.11,100,ml,1.1,l,,
2015-11-19 05:00:11.801036,TESCO,212016,"Fresh/Chilled Orange Juice, eg. Tropicana",Chilled Juice,fresh orange juice,0.33,INNOCENT TROPICAL JUICE 1.35 LITRES,£2.99,2.99,(£0.22/100ml),0.22,100,ml,2.2,l,All products available for this offer,Any 2 for £4.00
2015-11-19 05:00:11.802561,TESCO,212016,"Fresh/Chilled Orange Juice, eg. Tropicana",Chilled Juice,fresh orange juice,0.33,COPELLA APPLE JUICE 900ML,£2.00,2.0,(£0.22/100ml),0.22,100,ml,2.2,l,,
2015-11-19 05:00:11.804004,TESCO,212016,"Fresh/Chilled Orange Juice, eg. Tropicana",Chilled Juice,fresh orange juice,0.67,TROPICANA ORANGE JUICE EXTRA JUICY BITS 1.75L,£3.50,3.5,(£0.20/100ml),0.2,100,ml,2.0,l,,
2015-11-19 05:00:11.805445,TESCO,212016,"Fresh/Chilled Orange Juice, eg. Tropicana",Chilled Juice,fresh orange juice,0.0,TESCO PINK GRAPEFRUIT 1 LITRE,£1.40,1.4,(£0.14/100ml),0.14,100,ml,1.4,l,All products available for this offer,Any 3 for £3.50
2015-11-19 05:00:11.806935,TESCO,212016,"Fresh/Chilled Orange Juice, eg. Tropicana",Chilled Juice,fresh orange juice,0.33,TESCO POMEGRANATE JUICE DRINK 1 LITRE,£1.00,1.0,(£0.10/100ml),0.1,100,ml,1.0,l,All products available for this offer,Any 4 for £3.50
2015-11-19 05:00:11.808519,TESCO,212016,"Fresh/Chilled Orange Juice, eg. Tropicana",Chilled Juice,fresh orange juice,0.67,TROPICANA ORANGE AND MANGO JUICE 850ML,£2.48,2.48,(£0.29/100ml),0.29,100,ml,2.9,l,,
2015-11-19 05:00:11.809943,TESCO,212016,"Fresh/Chilled Orange Juice, eg. Tropicana",Chilled Juice,fresh orange juice,0.67,TROPICANA ORANGE JUICE SMOOTH 4 X 250ML,£2.65,2.65,(£0.27/100ml),0.27,100,ml,2.7,l,,
2015-11-19 05:00:11.811401,TESCO,212016,"Fresh/Chilled Orange Juice, eg. Tropicana",Chilled Juice,fresh orange juice,0.67,TROPICANA TROP 50 ORANGE JUICE SMOOTH 1 LITRE,£2.48,2.48,(£0.25/100ml),0.25,100,ml,2.5,l,All products available for this offer,Any 2 for £4.00
2015-11-19 05:00:11.812968,TESCO,212016,"Fresh/Chilled Orange Juice, eg. Tropicana",Chilled Juice,fresh orange juice,0.67,INNOCENT ORANGE JUICE WITH BITS 900ML,£2.39,2.39,(£0.27/100ml),0.27,100,ml,2.7,l,All products available for this offer,Any 2 for £3.50
2015-11-19 05:00:11.814495,TESCO,212016,"Fresh/Chilled Orange Juice, eg. Tropicana",Chilled Juice,fresh orange juice,0.0,VITA COCO 100% NATURAL COCONUT WATER 4 X 330ML,£3.99,3.99,(£0.30/100ml),0.3,100,ml,3.0,l,SAVE £1.00 Was £4.99 Now £3.99 - all products for this offer,SAVE £1.00 Was £4.99 Now £3.99
2015-11-19 05:00:11.816005,TESCO,212016,"Fresh/Chilled Orange Juice, eg. Tropicana",Chilled Juice,fresh orange juice,0.33,INNOCENT APPLE AND RASPBERRY JUICE 900ML,£2.39,2.39,(£0.27/100ml),0.27,100,ml,2.7,l,All products available for this offer,Any 2 for £3.50
2015-11-19 05:00:11.817530,TESCO,212016,"Fresh/Chilled Orange Juice, eg. Tropicana",Chilled Juice,fresh orange juice,0.0,TROPICANA NAKED COCONUT WATER 1L,£2.00,2.0,(£0.20/100ml),0.2,100,ml,2.0,l,SAVE £1.49 Was £3.49 Now £2.00 - all products for this offer,SAVE £1.49 Was £3.49 Now £2.00
2015-11-19 05:00:11.926180,TESCO,310421,"Red Wine, European, bottle",Red Wine,red wine,0.0,VINEYARD CABERNET SAUVIGNON 75CL,£3.80,3.8,(£3.80/75cl),3.8,75,cl,5.0667,l,,
2015-11-19 05:00:11.927669,TESCO,310421,"Red Wine, European, bottle",Red Wine,red wine,0.0,CAMPO VIEJO RIOJA GARNACHA 75CL,£8.00,8.0,(£8.00/75cl),8.0,75,cl,10.6667,l,,
2015-11-19 05:00:11.929106,TESCO,310421,"Red Wine, European, bottle",Red Wine,red wine,0.0,SIMPLY MALBEC 75CL,£4.40,4.4,(£4.40/75cl),4.4,75,cl,5.8667,l,,
2015-11-19 05:00:11.931198,TESCO,310421,"Red Wine, European, bottle",Red Wine,red wine,0.0,TESCO FINEST VIN DE PAYS MALBEC 75CL,£5.50,5.5,(£5.50/75cl),5.5,75,cl,7.3333,l,,
2015-11-19 05:00:11.932726,TESCO,310421,"Red Wine, European, bottle",Red Wine,red wine,0.0,CALVET HERITAGE COTES DU RHONE VILLAGES 75CL,£6.00,6.0,(£6.00/75cl),6.0,75,cl,8.0,l,All products available for this offer,Only £6.00
2015-11-19 05:00:11.934239,TESCO,310421,"Red Wine, European, bottle",Red Wine,red wine,0.0,CASILLERO DEL DIABLO CABERNET SAUVIGNON 75CL,£6.00,6.0,(£6.00/75cl),6.0,75,cl,8.0,l,SAVE £2.00 Was £8.00 Now £6.00 - all products for this offer,SAVE £2.00 Was £8.00 Now £6.00
2015-11-19 05:00:11.935724,TESCO,310421,"Red Wine, European, bottle",Red Wine,red wine,0.0,BANROCK STATION CABERNET SAUVIGNON 75CL,£5.00,5.0,(£5.00/75cl),5.0,75,cl,6.6667,l,,
2015-11-19 05:00:11.937164,TESCO,310421,"Red Wine, European, bottle",Red Wine,red wine,0.0,LATERAL MALBEC 75CL,£4.50,4.5,(£4.50/75cl),4.5,75,cl,6.0,l,,
2015-11-19 05:00:11.938576,TESCO,310421,"Red Wine, European, bottle",Red Wine,red wine,0.0,TESCO FINEST GARNACHA 75CL,£5.00,5.0,(£5.00/75cl),5.0,75,cl,6.6667,l,,
2015-11-19 05:00:11.940026,TESCO,310421,"Red Wine, European, bottle",Red Wine,red wine,1.0,FAUSTINO VII RED WINE 75CL,£7.50,7.5,(£7.50/75cl),7.5,75,cl,10.0,l,,
2015-11-19 05:00:11.945490,TESCO,310421,"Red Wine, European, bottle",Red Wine,red wine,0.0,MCGUIGAN CLASSIC SHIRAZ 75CL,£5.25,5.25,(£5.25/75cl),5.25,75,cl,7.0,l,,
2015-11-19 05:00:11.946936,TESCO,310421,"Red Wine, European, bottle",Red Wine,red wine,0.0,JACOBS CREEK RESERVE SHIRAZ 75CL,£7.25,7.25,(£7.25/75cl),7.25,75,cl,9.6667,l,,
2015-11-19 05:00:11.948414,TESCO,310421,"Red Wine, European, bottle",Red Wine,red wine,0.5,WINE ROUTE ITALY PINOT GRIGIO VERDUZZO,£7.00,7.0,(£9.34/l),9.34,1.0,l,9.34,l,BUY 1 SIDE + 1 MAIN + 1 DESSERT + A DRINK FOR £10 - all products for this offer,BUY 1 SIDE + 1 MAIN + 1 DESSERT + A DRINK FOR £10
2015-11-19 05:00:11.950073,TESCO,310421,"Red Wine, European, bottle",Red Wine,red wine,0.0,SIMPLY CHILEAN CABERNET SAUVIGNON 75CL,£4.50,4.5,(£4.50/75cl),4.5,75,cl,6.0,l,,
2015-11-19 05:00:11.951495,TESCO,310421,"Red Wine, European, bottle",Red Wine,red wine,0.0,VINEYARDS PINOTAGE 75CL,£4.00,4.0,(£4.00/75cl),4.0,75,cl,5.3333,l,,
2015-11-19 05:00:11.952984,TESCO,310421,"Red Wine, European, bottle",Red Wine,red wine,0.0,TESCO FINEST PLAN DE DIEU COTES DU RHONE VILLAG...,£6.00,6.0,(£6.00/75cl),6.0,75,cl,8.0,l,,
2015-11-19 05:00:11.954641,TESCO,310421,"Red Wine, European, bottle",Red Wine,red wine,0.5,CALVET PRESTIGE BORDEAUX RED 75CL,£8.00,8.0,(£8.00/75cl),8.0,75,cl,10.6667,l,,
2015-11-19 05:00:11.960976,TESCO,310421,"Red Wine, European, bottle",Red Wine,red wine,0.0,SIMPLY MERLOT 75CL,£4.30,4.3,(£4.30/75cl),4.3,75,cl,5.7333,l,,
2015-11-19 05:00:11.962420,TESCO,310421,"Red Wine, European, bottle",Red Wine,red wine,0.0,CAMPO VIEJO RIOJA TEMPRANILLO 75CL,£6.00,6.0,(£6.00/75cl),6.0,75,cl,8.0,l,SAVE £2.00 Was £8.00 Now £6.00 - all products for this offer,SAVE £2.00 Was £8.00 Now £6.00
2015-11-19 05:00:11.973894,TESCO,211901,"Tea bags, per packet of 80, 250g",Everyday Tea,80 250g,0.0,TWININGS ASSAM TEA BAGS 80S 200G,£4.49,4.49,(£2.25/100g),2.25,100,g,22.5,kg,,
2015-11-19 05:00:11.975360,TESCO,211901,"Tea bags, per packet of 80, 250g",Everyday Tea,80 250g,0.5,TWININGS 1706 TEA BAGS 80S 250G,£4.49,4.49,(£1.80/100g),1.8,100,g,18.0,kg,,
2015-11-19 05:00:11.976848,TESCO,211901,"Tea bags, per packet of 80, 250g",Everyday Tea,80 250g,0.0,TETLEY BLEND OF BOTH TEA BAGS 75S 237G,£2.59,2.59,(£1.10/100g),1.1,100,g,11.0,kg,,
2015-11-19 05:00:11.983482,TESCO,211901,"Tea bags, per packet of 80, 250g",Everyday Tea,80 250g,0.0,TESCO FINEST ASSAM 50 TEABAGS 125G,£1.49,1.49,(£1.20/100g),1.2,100,g,12.0,kg,,
2015-11-19 05:00:11.984978,TESCO,211901,"Tea bags, per packet of 80, 250g",Everyday Tea,80 250g,0.5,TAYLORS YORKSHIRE GOLD LOOSE LEAF TEA 250G,£2.10,2.1,(£0.84/100g),0.84,100,g,8.4,kg,,
2015-11-19 05:00:11.986392,TESCO,211901,"Tea bags, per packet of 80, 250g",Everyday Tea,80 250g,0.0,TAYLORS YORKSHIRE GOLD 40S 125G,£2.00,2.0,(£1.60/100g),1.6,100,g,16.0,kg,,
2015-11-19 05:00:11.987838,TESCO,211901,"Tea bags, per packet of 80, 250g",Everyday Tea,80 250g,0.5,TESCO FINEST FAIR TRADE LEAF TEA 250G,£1.59,1.59,(£0.64/100g),0.64,100,g,6.4,kg,,
2015-11-19 05:00:11.989285,TESCO,211901,"Tea bags, per packet of 80, 250g",Everyday Tea,80 250g,0.0,TWININGS ENGLISH BREAKFAST 200S 500G,£6.00,6.0,(£1.20/100g),1.2,100,g,12.0,kg,SAVE £1.48 Was £7.48 Now £6.00 - all products for this offer,SAVE £1.48 Was £7.48 Now £6.00
2015-11-19 05:00:11.990774,TESCO,211901,"Tea bags, per packet of 80, 250g",Everyday Tea,80 250g,0.0,PG TIPS GOLD 80S PYRAMID TEABAGS 232G,£2.99,2.99,(£1.29/100g),1.29,100,g,12.9,kg,,
2015-11-19 05:00:11.992230,TESCO,211901,"Tea bags, per packet of 80, 250g",Everyday Tea,80 250g,0.0,TAYLORS YORKSHIRE GOLD 240 TEABAGS 750G,£7.49,7.49,(£1.00/100g),1.0,100,g,10.0,kg,,
2015-11-19 05:00:11.997672,TESCO,212011,"Cola Flavoured Drink, bottle",Cola,nan,0.0,TESCO CLASSIC COLA 2 LITRE,£0.89,0.89,(£0.05/100ml),0.05,100,ml,0.5,l,All products available for this offer,Any 2 for £1.50
2015-11-19 05:00:11.999146,TESCO,212011,"Cola Flavoured Drink, bottle",Cola,nan,0.0,COCA COLA VANILLA COKE 500ML,£1.25,1.25,(£0.25/100ml),0.25,100,ml,2.5,l,All products available for this offer,Any 2 for £2.00
2015-11-19 05:00:12.000998,TESCO,212011,"Cola Flavoured Drink, bottle",Cola,nan,0.0,PEPSI REGULAR 12 X 330ML,£3.50,3.5,(£0.09/100ml),0.09,100,ml,0.9,l,SAVE £2.09 Was £5.59 Now £3.50 - all products for this offer,SAVE £2.09 Was £5.59 Now £3.50
2015-11-19 05:00:12.002473,TESCO,212011,"Cola Flavoured Drink, bottle",Cola,nan,0.0,COCA-COLA CHERRY COKE 1.25 L,£1.29,1.29,(£0.10/100ml),0.1,100,ml,1.0,l,All products available for this offer,Any 2 for £2.00
2015-11-19 05:00:12.005206,TESCO,211901,"Tea bags, per packet of 80, 250g",Everyday Tea,80 250g,0.5,PUNJANA SIGNATURE TEA BAGS 80S 250G,£2.00,2.0,(£0.80/100g),0.8,100,g,8.0,kg,SAVE 80p Was £2.80 Now £2.00 - all products for this offer,SAVE 80p Was £2.80 Now £2.00
2015-11-19 05:00:12.006733,TESCO,211901,"Tea bags, per packet of 80, 250g",Everyday Tea,80 250g,0.0,TWININGS ASSAM 40 TEA BAGS 100G,£2.69,2.69,(£2.69/100g),2.69,100,g,26.9,kg,,
2015-11-19 05:00:12.008214,TESCO,211901,"Tea bags, per packet of 80, 250g",Everyday Tea,80 250g,0.5,TYPHOO EXTRA STRONG TEA BAGS 80S 250G,£2.49,2.49,(£1.00/100g),1.0,100,g,10.0,kg,All products available for this offer,Any 2 for £3.00
2015-11-19 05:00:12.009715,TESCO,211901,"Tea bags, per packet of 80, 250g",Everyday Tea,80 250g,1.0,DORSET TEA 80 LUXURY TEA BAGS 250G,£2.65,2.65,(£1.06/100g),1.06,100,g,10.6,kg,,
2015-11-19 05:00:12.011176,TESCO,211901,"Tea bags, per packet of 80, 250g",Everyday Tea,80 250g,0.0,PUNJANA 160 TEABAGS 500G,£3.99,3.99,(£0.80/100g),0.8,100,g,8.0,kg,,
2015-11-19 05:00:12.012655,TESCO,211901,"Tea bags, per packet of 80, 250g",Everyday Tea,80 250g,0.5,CLIPPER TEA GOLD 80'S 250G,£3.19,3.19,(£1.28/100g),1.28,100,g,12.8,kg,,
2015-11-19 05:00:12.014067,TESCO,211901,"Tea bags, per packet of 80, 250g",Everyday Tea,80 250g,0.5,TYPHOO TEA TYPHOO GOLD 250G,£2.89,2.89,(£1.16/100g),1.16,100,g,11.6,kg,All products available for this offer,Any 2 for £3.00
2015-11-19 05:00:12.015591,TESCO,212011,"Cola Flavoured Drink, bottle",Cola,nan,0.0,TESCO CLASSIC DIET COLA CAN 8X330ML,£2.59,2.59,(£0.10/100ml),0.1,100,ml,1.0,l,,
2015-11-19 05:00:12.017038,TESCO,212011,"Cola Flavoured Drink, bottle",Cola,nan,0.0,TESCO CLASSIC DIET CAFFEINE FREE COLA CAN 8X330...,£2.59,2.59,(£0.10/100ml),0.1,100,ml,1.0,l,,
2015-11-19 05:00:12.018442,TESCO,212011,"Cola Flavoured Drink, bottle",Cola,nan,0.0,TESCO CLASSIC 30% LESS SUGAR COLA 2L,£0.89,0.89,(£0.05/100ml),0.05,100,ml,0.5,l,All products available for this offer,Any 2 for £1.50
2015-11-19 05:00:12.019932,TESCO,212011,"Cola Flavoured Drink, bottle",Cola,nan,0.0,TESCO CLASSIC COLA CAN 8X330ML,£2.59,2.59,(£0.10/100ml),0.1,100,ml,1.0,l,,
2015-11-19 05:00:12.031113,TESCO,212017,Fizzy bottled drink,Fizzy Drinks,bottle,1.0,TESCO FIERY GINGER BEER 2 LITRE BOTTLE,£0.55,0.55,(£0.03/100ml),0.03,100,ml,0.3,l,All products available for this offer,Any 2 for 90p
2015-11-19 05:00:12.032647,TESCO,212017,Fizzy bottled drink,Fizzy Drinks,bottle,0.0,SAN PELLEGRINO SPARKLING LIMONATA 6X330ML,£3.79,3.79,(£0.19/100ml),0.19,100,ml,1.9,l,,
2015-11-19 05:00:12.034031,TESCO,212017,Fizzy bottled drink,Fizzy Drinks,bottle,0.0,TANGO BLOOD ORANGE 6X330ML,£3.19,3.19,(£0.16/100ml),0.16,100,ml,1.6,l,,
2015-11-19 05:00:12.035458,TESCO,211901,"Tea bags, per packet of 80, 250g",Everyday Tea,80 250g,0.0,PG TIPS EXTRA STRONG PYRAMID 160S TEA BAGS 464G,£5.49,5.49,(£1.19/100g),1.19,100,g,11.9,kg,,
2015-11-19 05:00:12.036955,TESCO,211901,"Tea bags, per packet of 80, 250g",Everyday Tea,80 250g,0.0,TWININGS NUTTY CHOCOLATE ASSAM MESH 12 TEA BAGS...,£3.49,3.49,(£11.64/100g),11.64,100,g,116.4,kg,,
2015-11-19 05:00:12.038375,TESCO,211901,"Tea bags, per packet of 80, 250g",Everyday Tea,80 250g,0.0,TEAPIGS EVERYDAY BREW 50S 165G,£10.00,10.0,(£6.07/100g),6.07,100,g,60.7,kg,,
2015-11-19 05:00:12.043670,TESCO,212017,Fizzy bottled drink,Fizzy Drinks,bottle,0.0,7UP FREE 1.5L,£0.89,0.89,(£0.06/100ml),0.06,100,ml,0.6,l,Half Price Was £1.79 Now 89p - all products for this offer,Half Price Was £1.79 Now 89p
2015-11-19 05:00:12.045184,TESCO,212017,Fizzy bottled drink,Fizzy Drinks,bottle,0.0,TESCO LEMONADE 1L,£0.45,0.45,(£0.05/100ml),0.05,100,ml,0.5,l,All products available for this offer,Any 4 for £1.50
2015-11-19 05:00:12.046643,TESCO,212017,Fizzy bottled drink,Fizzy Drinks,bottle,0.0,OLD JAMAICAN GINGER BEER 8 X 330 ML CANS,£3.00,3.0,(£0.11/100ml),0.11,100,ml,1.1,l,All products available for this offer,2 for £5.00
2015-11-19 05:00:12.048166,TESCO,212017,Fizzy bottled drink,Fizzy Drinks,bottle,1.0,TANGO APPLE 2 LITRE BOTTLE,£1.98,1.98,(£0.10/100ml),0.1,100,ml,1.0,l,,
2015-11-19 05:00:12.049582,TESCO,212017,Fizzy bottled drink,Fizzy Drinks,bottle,0.0,TESCO LOW CALORIE LEMONADE 1 LITRE,£0.45,0.45,(£0.05/100ml),0.05,100,ml,0.5,l,All products available for this offer,Any 4 for £1.50
2015-11-19 05:00:12.051046,TESCO,212017,Fizzy bottled drink,Fizzy Drinks,bottle,1.0,VIMTO LIGHT 2 LITRE BOTTLE,£1.00,1.0,(£0.05/100ml),0.05,100,ml,0.5,l,SAVE 70p Was £1.70 Now £1.00 - all products for this offer,SAVE 70p Was £1.70 Now £1.00
2015-11-19 05:00:12.052558,TESCO,212017,Fizzy bottled drink,Fizzy Drinks,bottle,0.0,OLD JAMAICA GINGER BEER 1.5 LITRES,£1.15,1.15,(£0.04/100ml),0.04,100,ml,0.4,l,,
2015-11-19 05:00:12.054003,TESCO,212017,Fizzy bottled drink,Fizzy Drinks,bottle,0.0,VIMTO NO ADDED SUGAR 6X330ML,£2.79,2.79,(£0.14/100ml),0.14,100,ml,1.4,l,,
2015-11-19 05:00:12.055432,TESCO,212017,Fizzy bottled drink,Fizzy Drinks,bottle,0.0,7UP CHERRY 2 LITRE,£1.98,1.98,(£0.10/100ml),0.1,100,ml,1.0,l,,
2015-11-19 05:00:12.056870,TESCO,212017,Fizzy bottled drink,Fizzy Drinks,bottle,1.0,TANGO CHERRY 2 LITRE BOTTLE,£1.98,1.98,(£0.10/100ml),0.1,100,ml,1.0,l,,
2015-11-19 05:00:12.058251,TESCO,212017,Fizzy bottled drink,Fizzy Drinks,bottle,0.0,BARR SUGAR FREE IRN-BRU 8 X 330 ML PACK,£2.50,2.5,(£0.10/100ml),0.1,100,ml,1.0,l,SAVE 75p Was £3.25 Now £2.50 - all products for this offer,SAVE 75p Was £3.25 Now £2.50
2015-11-19 05:00:12.059744,TESCO,212017,Fizzy bottled drink,Fizzy Drinks,bottle,0.0,TANGO SUGAR FREE ORANGE 2 LITRE,£1.99,1.99,(£0.10/100ml),0.1,100,ml,1.0,l,,
2015-11-19 05:00:12.061150,TESCO,212017,Fizzy bottled drink,Fizzy Drinks,bottle,0.0,SCHWEPPES LEMONADE 12X150ML,£4.00,4.0,(£0.22/100ml),0.22,100,ml,2.2,l,All products available for this offer,Any 2 for £7.00
2015-11-19 05:00:12.062614,TESCO,212017,Fizzy bottled drink,Fizzy Drinks,bottle,1.0,TESCO CLOUDY LEMONADE 2 LITRE BOTTLE,£0.40,0.4,(£0.02/100ml),0.02,100,ml,0.2,l,,
2015-11-19 05:00:12.064076,TESCO,212017,Fizzy bottled drink,Fizzy Drinks,bottle,0.0,BARR IRN-BRU 8 X 330ML PACK (L),£2.50,2.5,(£0.10/100ml),0.1,100,ml,1.0,l,SAVE 75p Was £3.25 Now £2.50 - all products for this offer,SAVE 75p Was £3.25 Now £2.50
2015-11-19 05:00:12.065555,TESCO,212017,Fizzy bottled drink,Fizzy Drinks,bottle,0.0,VIMTO MIXED FRUIT DRINK 6X330 ML CANS,£2.79,2.79,(£0.14/100ml),0.14,100,ml,1.4,l,,
2015-11-19 05:00:12.066931,TESCO,212017,Fizzy bottled drink,Fizzy Drinks,bottle,0.0,SHANDY BASS 330 ML,£0.50,0.5,(£0.15/100ml),0.15,100,ml,1.5,l,,
2015-11-19 05:00:12.161493,TESCO,210204,"Dry Spaghetti or pasta, 500g",Pasta & Spaghetti,500g,1.0,BARILLA PENNE RIGATE 500G,£1.50,1.5,(£3.00/kg),3.0,1.0,kg,3.0,kg,,
2015-11-19 05:00:12.164273,TESCO,210204,"Dry Spaghetti or pasta, 500g",Pasta & Spaghetti,500g,1.0,TESCO DISCHI VOLANTI 500G,£0.59,0.59,(£1.18/kg),1.18,1.0,kg,1.18,kg,,
2015-11-19 05:00:12.165728,TESCO,210204,"Dry Spaghetti or pasta, 500g",Pasta & Spaghetti,500g,1.0,TESCO CASERECCE PASTA 500G,£0.59,0.59,(£1.18/kg),1.18,1.0,kg,1.18,kg,,
2015-11-19 05:00:12.167166,TESCO,210204,"Dry Spaghetti or pasta, 500g",Pasta & Spaghetti,500g,1.0,DE CECCO LINGUINE 500G,£1.55,1.55,(£3.10/kg),3.1,1.0,kg,3.1,kg,,
2015-11-19 05:00:12.168649,TESCO,210204,"Dry Spaghetti or pasta, 500g",Pasta & Spaghetti,500g,1.0,TESCO GOODNESS PASTA ANIMALS 500G,£0.90,0.9,(£1.80/kg),1.8,1.0,kg,1.8,kg,,
2015-11-19 05:00:12.170053,TESCO,210204,"Dry Spaghetti or pasta, 500g",Pasta & Spaghetti,500g,1.0,DE CECCO SPAGHETTI 500G,£1.55,1.55,(£3.10/kg),3.1,1.0,kg,3.1,kg,,
2015-11-19 05:00:12.171462,TESCO,210204,"Dry Spaghetti or pasta, 500g",Pasta & Spaghetti,500g,1.0,BARILLA LINGUINE 500G,£1.50,1.5,(£3.00/kg),3.0,1.0,kg,3.0,kg,,
2015-11-19 05:00:12.172927,TESCO,210204,"Dry Spaghetti or pasta, 500g",Pasta & Spaghetti,500g,1.0,TESCO TRIPOLINE PASTA 500G,£0.59,0.59,(£1.18/kg),1.18,1.0,kg,1.18,kg,,
2015-11-19 05:00:12.174465,TESCO,210204,"Dry Spaghetti or pasta, 500g",Pasta & Spaghetti,500g,1.0,NAPOLINA CONCHIGLIE 500G,£1.20,1.2,(£2.40/kg),2.4,1.0,kg,2.4,kg,,
2015-11-19 05:00:12.175901,TESCO,210204,"Dry Spaghetti or pasta, 500g",Pasta & Spaghetti,500g,1.0,COOK ITALIAN SPAGHETTI 500G,£1.00,1.0,(£2.00/kg),2.0,1.0,kg,2.0,kg,SAVE 25p Was £1.25 Now £1.00 - all products for this offer,SAVE 25p Was £1.25 Now £1.00
2015-11-19 05:00:12.177420,TESCO,210204,"Dry Spaghetti or pasta, 500g",Pasta & Spaghetti,500g,1.0,COOK ITALIAN PENNE 500G,£1.00,1.0,(£2.00/kg),2.0,1.0,kg,2.0,kg,SAVE 25p Was £1.25 Now £1.00 - all products for this offer,SAVE 25p Was £1.25 Now £1.00
2015-11-19 05:00:12.178888,TESCO,210204,"Dry Spaghetti or pasta, 500g",Pasta & Spaghetti,500g,1.0,DE CECCO PENNE RIGATE 500G,£1.55,1.55,(£3.10/kg),3.1,1.0,kg,3.1,kg,,
2015-11-19 05:00:12.180352,TESCO,210204,"Dry Spaghetti or pasta, 500g",Pasta & Spaghetti,500g,1.0,ITALFRESCO READY MADE POLENTA 500G,£0.75,0.75,(£1.50/kg),1.5,1.0,kg,1.5,kg,,
2015-11-19 05:00:12.181776,TESCO,210204,"Dry Spaghetti or pasta, 500g",Pasta & Spaghetti,500g,1.0,DE CECCO FUSILLI 500G,£1.55,1.55,(£3.10/kg),3.1,1.0,kg,3.1,kg,,
2015-11-19 05:00:12.183177,TESCO,210204,"Dry Spaghetti or pasta, 500g",Pasta & Spaghetti,500g,1.0,BARILLA WHOLE WHEAT SPAGHETTI 500G,£1.50,1.5,(£3.00/kg),3.0,1.0,kg,3.0,kg,,
2015-11-19 05:00:12.188068,TESCO,210204,"Dry Spaghetti or pasta, 500g",Pasta & Spaghetti,500g,1.0,SEEDS OF CHANGE ORGANIC SPINACH TROTOLLE 500G,£2.30,2.3,(£4.60/kg),4.6,1.0,kg,4.6,kg,,
2015-11-19 05:00:12.189508,TESCO,210204,"Dry Spaghetti or pasta, 500g",Pasta & Spaghetti,500g,1.0,TESCO ORGANIC SPAGHETTI 500G,£1.00,1.0,(£2.00/kg),2.0,1.0,kg,2.0,kg,,
2015-11-19 05:00:12.190908,TESCO,210204,"Dry Spaghetti or pasta, 500g",Pasta & Spaghetti,500g,0.0,NAPOLINA EGG PAPPARDELLE 250G,£1.00,1.0,(£4.00/kg),4.0,1.0,kg,4.0,kg,SAVE 40p Was £1.40 Now £1.00 - all products for this offer,SAVE 40p Was £1.40 Now £1.00
2015-11-19 05:00:12.192454,TESCO,210204,"Dry Spaghetti or pasta, 500g",Pasta & Spaghetti,500g,0.0,TESCO FREE FROM TAGLIATELLE 250G,£1.40,1.4,(£5.60/kg),5.6,1.0,kg,5.6,kg,,
2015-11-19 05:00:12.193865,TESCO,210204,"Dry Spaghetti or pasta, 500g",Pasta & Spaghetti,500g,1.0,BARILLA CONCHIGLIE RIGATE 500G,£1.50,1.5,(£3.00/kg),3.0,1.0,kg,3.0,kg,,
2015-11-19 05:00:12.206638,TESCO,310401,"Whisky, bottle",Whisky,whisky,1.0,J AND B RARE SCOTCH WHISKY 70CL,£19.50,19.5,(£27.86/l),27.86,1.0,l,27.86,l,SAVE £3.00 Was £22.50 Now £19.50 - all products for this offer,SAVE £3.00 Was £22.50 Now £19.50
2015-11-19 05:00:12.208166,TESCO,310401,"Whisky, bottle",Whisky,whisky,0.0,THE FAMOUS GROUSE SMOKY BLACK 70CL,£15.00,15.0,(£21.43/l),21.43,1.0,l,21.43,l,SAVE £5.00 Was £20.00 Now £15.00 - all products for this offer,SAVE £5.00 Was £20.00 Now £15.00
2015-11-19 05:00:12.210222,TESCO,310401,"Whisky, bottle",Whisky,whisky,1.0,WHYTE AND MACKAY SCOTCH WHISKY 35CL,£9.50,9.5,(£27.15/l),27.15,1.0,l,27.15,l,,
2015-11-19 05:00:12.211654,TESCO,310401,"Whisky, bottle",Whisky,whisky,0.0,ARDMORE LEGACY 70CL,£20.00,20.0,(£28.58/l),28.58,1.0,l,28.58,l,SAVE £10.00 Was £30.00 Now £20.00 - all products for this offer,SAVE £10.00 Was £30.00 Now £20.00
2015-11-19 05:00:12.213145,TESCO,310401,"Whisky, bottle",Whisky,whisky,0.0,GLENFIDDICH 15YO MALT 70CL,£32.00,32.0,(£45.72/l),45.72,1.0,l,45.72,l,SAVE £5.50 Was £37.50 Now £32.00 - all products for this offer,SAVE £5.50 Was £37.50 Now £32.00
2015-11-19 05:00:12.214600,TESCO,310401,"Whisky, bottle",Whisky,whisky,0.0,THE GLENLIVET FOUNDERS RESERVE 35CL,£13.00,13.0,(£37.15/l),37.15,1.0,l,37.15,l,SAVE £4.50 Was £17.50 Now £13.00 - all products for this offer,SAVE £4.50 Was £17.50 Now £13.00
2015-11-19 05:00:12.216120,TESCO,310401,"Whisky, bottle",Whisky,whisky,1.0,ISLE OF JURA 10 YEAR OLD SINGLE MALT WHISKY 35C...,£18.00,18.0,(£51.43/l),51.43,1.0,l,51.43,l,,
2015-11-19 05:00:12.217505,TESCO,310401,"Whisky, bottle",Whisky,whisky,1.0,GLEN GRANT MAJOR'S RESERVE MALT WHISKY 70CL,£17.79,17.79,(£25.42/l),25.42,1.0,l,25.42,l,SAVE £4.21 Was £22.00 Now £17.79 - all products for this offer,SAVE £4.21 Was £22.00 Now £17.79
2015-11-19 05:00:12.218973,TESCO,310401,"Whisky, bottle",Whisky,whisky,0.0,GLENFIDDICH 12YO MALT 35CL,£14.00,14.0,(£40.00/l),40.0,1.0,l,40.0,l,SAVE £4.00 Was £18.00 Now £14.00 - all products for this offer,SAVE £4.00 Was £18.00 Now £14.00
2015-11-19 05:00:12.220508,TESCO,310401,"Whisky, bottle",Whisky,whisky,0.0,TESCO FINEST 12 YEAR OLD HIGHLAND SINGLE MALT W...,£25.00,25.0,(£35.72/l),35.72,1.0,l,35.72,l,,
2015-11-19 05:00:12.221915,TESCO,310401,"Whisky, bottle",Whisky,whisky,1.0,THE BALVENIE CARIBBEAN CASK MALT WHISKY 70CL,£42.00,42.0,(£60.00/l),60.0,1.0,l,60.0,l,,
2015-11-19 05:00:12.223288,TESCO,310401,"Whisky, bottle",Whisky,whisky,0.0,GENTLEMAN JACK 70CL,£25.00,25.0,(£35.72/l),35.72,1.0,l,35.72,l,SAVE £8.00 Was £33.00 Now £25.00 - all products for this offer,SAVE £8.00 Was £33.00 Now £25.00
2015-11-19 05:00:12.224837,TESCO,310401,"Whisky, bottle",Whisky,whisky,1.0,TALISKER MALT WHISKY 70CL,£33.00,33.0,(£47.15/l),47.15,1.0,l,47.15,l,,
2015-11-19 05:00:12.226221,TESCO,310401,"Whisky, bottle",Whisky,whisky,0.0,MAKERS MARK BOURBON 70CL,£29.00,29.0,(£41.43/l),41.43,1.0,l,41.43,l,,
2015-11-19 05:00:12.227643,TESCO,310401,"Whisky, bottle",Whisky,whisky,1.0,TALISKER 10 YEAR OLD MALT WHISKY 20CL,£11.00,11.0,(£55.00/l),55.0,1.0,l,55.0,l,,
2015-11-19 05:00:12.229056,TESCO,310401,"Whisky, bottle",Whisky,whisky,0.0,ARDBEG 10 YEAR OLD 70CL,£47.00,47.0,(£67.15/l),67.15,1.0,l,67.15,l,,
2015-11-19 05:00:12.230429,TESCO,310401,"Whisky, bottle",Whisky,whisky,1.0,DALWHINNIE 15 YEAR OLD MALT WHISKY 20CL,£13.00,13.0,(£65.00/l),65.0,1.0,l,65.0,l,,
2015-11-19 05:00:12.231850,TESCO,310401,"Whisky, bottle",Whisky,whisky,0.0,THE FAMOUS GROUSE MELLOW GOLD 70CL,£19.00,19.0,(£27.15/l),27.15,1.0,l,27.15,l,SAVE £3.00 Was £22.00 Now £19.00 - all products for this offer,SAVE £3.00 Was £22.00 Now £19.00
2015-11-19 05:00:12.233349,TESCO,310401,"Whisky, bottle",Whisky,whisky,0.0,CAOL ILA 12 YEAR OLD 70CL,£37.00,37.0,(£52.86/l),52.86,1.0,l,52.86,l,,
2015-11-19 05:00:12.234731,TESCO,310401,"Whisky, bottle",Whisky,whisky,1.0,HIBIKI 12 YEAR OLD SUNTORY WHISKY 50CL,£37.00,37.0,(£74.00/l),74.0,1.0,l,74.0,l,,
2015-11-19 05:00:12.279415,TESCO,310419,"White Wine, European, bottle",White Wine,white wine,0.0,TESCO FINEST MARLBOROUGH SAUVIGNON 75CL,£7.50,7.5,(£7.50/75cl),7.5,75,cl,10.0,l,,
2015-11-19 05:00:12.281509,TESCO,310419,"White Wine, European, bottle",White Wine,white wine,0.0,TESCO HOCK 1.5L,£7.50,7.5,(£3.75/75cl),3.75,75,cl,5.0,l,,
2015-11-19 05:00:12.282928,TESCO,310419,"White Wine, European, bottle",White Wine,white wine,0.0,MCGUIGAN CLASSIC SAUVIGNON BLANC 75CL,£5.25,5.25,(£5.25/75cl),5.25,75,cl,7.0,l,,
2015-11-19 05:00:12.284362,TESCO,310419,"White Wine, European, bottle",White Wine,white wine,0.0,KUMALA ETERNAL CHENIN CHARDONNAY SEMILLON 75CL,£5.00,5.0,(£5.00/75cl),5.0,75,cl,6.6667,l,,
2015-11-19 05:00:12.285760,TESCO,310419,"White Wine, European, bottle",White Wine,white wine,0.0,FIRST CAPE SPECIAL CUVEE SAUVIGNON 75CL,£6.00,6.0,(£6.00/75cl),6.0,75,cl,8.0,l,SAVE £2.00 Was £8.00 Now £6.00 - all products for this offer,SAVE £2.00 Was £8.00 Now £6.00
2015-11-19 05:00:12.287224,TESCO,310419,"White Wine, European, bottle",White Wine,white wine,0.0,WOLF BLASS YELLOW LABEL CHARDONNAY 75CL,£7.00,7.0,(£7.00/75cl),7.0,75,cl,9.3333,l,All products available for this offer,Only £7.00
2015-11-19 05:00:12.288756,TESCO,310419,"White Wine, European, bottle",White Wine,white wine,0.0,BRANCOTT ESTATE SAUVIGNON GRIS 75CL,£9.00,9.0,(£9.00/75cl),9.0,75,cl,12.0,l,,
2015-11-19 05:00:12.290299,TESCO,310419,"White Wine, European, bottle",White Wine,white wine,0.0,VINEYARDS AUSTRALIAN SAUVIGNON SEMILLON 75CL,£4.00,4.0,(£4.00/75cl),4.0,75,cl,5.3333,l,,
2015-11-19 05:00:12.291746,TESCO,310419,"White Wine, European, bottle",White Wine,white wine,0.0,THE VINEYARDS CHENIN BLANC 75CL,£4.00,4.0,(£4.00/75cl),4.0,75,cl,5.3333,l,,
2015-11-19 05:00:12.293182,TESCO,310419,"White Wine, European, bottle",White Wine,white wine,0.0,TESCO FINEST COTES DE GASCOGNE 75CL,£6.00,6.0,(£6.00/75cl),6.0,75,cl,8.0,l,,
2015-11-19 05:00:12.294570,TESCO,310419,"White Wine, European, bottle",White Wine,white wine,0.0,TESCO PIESPORTER MICHELSBERG 75CL,£4.20,4.2,(£4.20/75cl),4.2,75,cl,5.6,l,,
2015-11-19 05:00:12.295971,TESCO,310419,"White Wine, European, bottle",White Wine,white wine,0.0,OCEANS EDGE SAUVIGNON BLANC 75CL,£6.75,6.75,(£6.75/75cl),6.75,75,cl,9.0,l,,
2015-11-19 05:00:12.297393,TESCO,310419,"White Wine, European, bottle",White Wine,white wine,0.0,MUD HOUSE SAUVIGNON BLANC 75CL,£7.00,7.0,(£7.00/75cl),7.0,75,cl,9.3333,l,SAVE £1.75 Was £8.75 Now £7.00 - all products for this offer,SAVE £1.75 Was £8.75 Now £7.00
2015-11-19 05:00:12.298864,TESCO,310419,"White Wine, European, bottle",White Wine,white wine,0.0,SIMPLY RIESLING 75CL,£4.50,4.5,(£4.50/75cl),4.5,75,cl,6.0,l,,
2015-11-19 05:00:12.300329,TESCO,310419,"White Wine, European, bottle",White Wine,white wine,0.0,VINEYARDS SPANISH CHARDONNAY 75CL,£3.50,3.5,(£3.50/75cl),3.5,75,cl,4.6667,l,,
2015-11-19 05:00:12.301788,TESCO,310419,"White Wine, European, bottle",White Wine,white wine,0.0,ECHO FALLS CHARDONNAY 75CL,£5.00,5.0,(£5.00/75cl),5.0,75,cl,6.6667,l,,
2015-11-19 05:00:12.303195,TESCO,310419,"White Wine, European, bottle",White Wine,white wine,0.0,VINA MAIPO RESERVA SAUVIGNON 75CL,£4.80,4.8,(£4.80/75cl),4.8,75,cl,6.4,l,,
2015-11-19 05:00:12.304632,TESCO,310419,"White Wine, European, bottle",White Wine,white wine,0.0,TESCO VOUVRAY 75CL,£5.70,5.7,(£5.70/75cl),5.7,75,cl,7.6,l,,
2015-11-19 05:00:12.306024,TESCO,310419,"White Wine, European, bottle",White Wine,white wine,0.0,BAREFOOT SAUVIGNON BLANC 75CL,£7.00,7.0,(£7.00/75cl),7.0,75,cl,9.3333,l,,
2015-11-19 05:00:12.355226,TESCO,210302,Plain Biscuits (eg. Digestive),Everyday Biscuits,digestives,0.0,FOXS MOOS MALTED MILK BISCUIT 200G,£0.99,0.99,(£0.50/100g),0.5,100,g,5.0,kg,,
2015-11-19 05:00:12.356734,TESCO,210302,Plain Biscuits (eg. Digestive),Everyday Biscuits,digestives,0.0,BURTONS BISCUITS JAMMIE DODGERS 12S 210G,£0.99,0.99,(£0.47/100g),0.47,100,g,4.7,kg,,
2015-11-19 05:00:12.358175,TESCO,210302,Plain Biscuits (eg. Digestive),Everyday Biscuits,digestives,0.0,TESCO JAMMY RINGS 140G,£0.40,0.4,(£0.29/100g),0.29,100,g,2.9,kg,,
2015-11-19 05:00:12.364116,TESCO,210302,Plain Biscuits (eg. Digestive),Everyday Biscuits,digestives,0.0,MCVITIES LIGHT RICH TEA 300G,£1.09,1.09,(£0.36/100g),0.36,100,g,3.6,kg,All products available for this offer,Any 2 for £2.00
2015-11-19 05:00:12.365663,TESCO,210302,Plain Biscuits (eg. Digestive),Everyday Biscuits,digestives,0.0,JAMMIE DODGERS JAM AND CUSTARD 140G,£0.59,0.59,(£0.42/100g),0.42,100,g,4.2,kg,All products available for this offer,Any 2 for £1.00
2015-11-19 05:00:12.367160,TESCO,210302,Plain Biscuits (eg. Digestive),Everyday Biscuits,digestives,0.0,BN CHOCOLATE 295G,£1.29,1.29,(£0.44/100g),0.44,100,g,4.4,kg,,
2015-11-19 05:00:12.368627,TESCO,210302,Plain Biscuits (eg. Digestive),Everyday Biscuits,digestives,0.0,BARNY APPLE 150G,£0.84,0.84,(£0.56/100g),0.56,100,g,5.6,kg,Half Price Was £1.69 Now 84p - all products for this offer,Half Price Was £1.69 Now 84p
2015-11-19 05:00:12.370131,TESCO,210302,Plain Biscuits (eg. Digestive),Everyday Biscuits,digestives,0.0,FOX'S PARTY FOOTBALLS 130G,£0.99,0.99,(£0.76/100g),0.76,100,g,7.6,kg,,
2015-11-19 05:00:12.371599,TESCO,210302,Plain Biscuits (eg. Digestive),Everyday Biscuits,digestives,0.0,MCVITIES DIGESTIVE/HOBNOB /RICHTEA 750G,£2.50,2.5,(£0.33/100g),0.33,100,g,3.3,kg,,
2015-11-19 05:00:12.373047,TESCO,210302,Plain Biscuits (eg. Digestive),Everyday Biscuits,digestives,0.0,LYONS TOFFYPOPS 120G,£0.69,0.69,(£0.58/100g),0.58,100,g,5.8,kg,,
2015-11-19 05:00:12.379077,TESCO,210302,Plain Biscuits (eg. Digestive),Everyday Biscuits,digestives,0.0,OREO VANILLA 2 X 154G,£1.85,1.85,(£0.60/100g),0.6,100,g,6.0,kg,,
2015-11-19 05:00:12.380564,TESCO,210302,Plain Biscuits (eg. Digestive),Everyday Biscuits,digestives,0.0,FOXS JAM SANDWICH CREAMS BIG VALUE TWIN PACK 2X...,£1.00,1.0,(£0.33/100g),0.33,100,g,3.3,kg,SAVE 49p Was £1.49 Now £1.00 - all products for this offer,SAVE 49p Was £1.49 Now £1.00
2015-11-19 05:00:12.382227,TESCO,210302,Plain Biscuits (eg. Digestive),Everyday Biscuits,digestives,0.0,MCVITIES LEMON PUFF 200G,£1.69,1.69,(£0.85/100g),0.85,100,g,8.5,kg,,
2015-11-19 05:00:12.383691,TESCO,210302,Plain Biscuits (eg. Digestive),Everyday Biscuits,digestives,0.0,MCVITIES MARIE BISCUITS 200G,£1.49,1.49,(£0.75/100g),0.75,100,g,7.5,kg,,
2015-11-19 05:00:12.385131,TESCO,210302,Plain Biscuits (eg. Digestive),Everyday Biscuits,digestives,0.0,BAHLSEN ZOO 125G,£1.29,1.29,(£1.04/100g),1.04,100,g,10.4,kg,,
2015-11-19 05:00:12.386548,TESCO,210302,Plain Biscuits (eg. Digestive),Everyday Biscuits,digestives,0.0,TESCO BUTTERY VIENNESE FINGERS 150G,£1.39,1.39,(£0.93/100g),0.93,100,g,9.3,kg,,
2015-11-19 05:00:12.387977,TESCO,210302,Plain Biscuits (eg. Digestive),Everyday Biscuits,digestives,0.0,MCVITIES BN RASPBERRY 295G,£1.29,1.29,(£0.44/100g),0.44,100,g,4.4,kg,,
2015-11-19 05:00:12.394262,TESCO,211814,"Yoghurt, small individual",Indulgent Yoghurts & Dairy Desserts,yogurt single,0.0,TESCO FINEST COFFEE MOUSSE 100G,£0.95,0.95,(£0.95/100g),0.95,100,g,9.5,kg,All products available for this offer,Any 3 for £2.00
2015-11-19 05:00:12.395823,TESCO,211814,"Yoghurt, small individual",Indulgent Yoghurts & Dairy Desserts,yogurt single,0.0,SKI MOUSSE RASPBERRY AND BLACKBERRY 4 X 60G,£1.00,1.0,(£0.42/100g),0.42,100,g,4.2,kg,SAVE 40p Was £1.40 Now £1.00 - all products for this offer,SAVE 40p Was £1.40 Now £1.00
2015-11-19 05:00:12.397343,TESCO,211814,"Yoghurt, small individual",Indulgent Yoghurts & Dairy Desserts,yogurt single,0.0,TESCO FINEST SICILIAN LEMON MOUSSE 100G,£0.95,0.95,(£0.95/100g),0.95,100,g,9.5,kg,All products available for this offer,Any 3 for £2.00
2015-11-19 05:00:12.398860,TESCO,211814,"Yoghurt, small individual",Indulgent Yoghurts & Dairy Desserts,yogurt single,0.0,MILKYBAR LITTLE TREATS 6X60G,£1.00,1.0,(£0.28/100g),0.28,100,g,2.8,kg,,
2015-11-19 05:00:12.401333,TESCO,210302,Plain Biscuits (eg. Digestive),Everyday Biscuits,digestives,0.0,TESCO HIPPO ORANGE CHALK BOARD TIN 125G,£2.50,2.5,(£2.00/100g),2.0,100,g,20.0,kg,Half Price Was £5.00 Now £2.50 - all products for this offer,Half Price Was £5.00 Now £2.50
2015-11-19 05:00:12.402853,TESCO,210302,Plain Biscuits (eg. Digestive),Everyday Biscuits,digestives,0.0,BAHLSEN DELOBA 100G,£1.39,1.39,(£1.39/100g),1.39,100,g,13.9,kg,,
2015-11-19 05:00:12.407323,TESCO,211814,"Yoghurt, small individual",Indulgent Yoghurts & Dairy Desserts,yogurt single,0.0,TESCO FUDGE FOOL 114G,£0.60,0.6,(£0.53/100g),0.53,100,g,5.3,kg,All products available for this offer,Any 2 for £1.00
2015-11-19 05:00:12.408915,TESCO,211814,"Yoghurt, small individual",Indulgent Yoghurts & Dairy Desserts,yogurt single,0.0,MULLER RICE REMIX GREEK INSPIRED APPLE 1 PACK,£0.68,0.68,(£0.68/each),0.68,1.0,each,0.68,each,All products available for this offer,Any 6 for £3.00
2015-11-19 05:00:12.410421,TESCO,211814,"Yoghurt, small individual",Indulgent Yoghurts & Dairy Desserts,yogurt single,0.0,THE COLLECTIVE DUPLE CHERRY AND DARK CHOCOLATE ...,£1.00,1.0,(£0.70/100g),0.7,100,g,7.0,kg,SAVE 19p Was £1.19 Now £1.00 - all products for this offer,SAVE 19p Was £1.19 Now £1.00
2015-11-19 05:00:12.411941,TESCO,211814,"Yoghurt, small individual",Indulgent Yoghurts & Dairy Desserts,yogurt single,0.0,MULLER RICE REMIX GREEK INSPIRED STRAWBERRY 1 P...,£0.68,0.68,(£0.68/each),0.68,1.0,each,0.68,each,All products available for this offer,Any 6 for £3.00
2015-11-19 05:00:12.413469,TESCO,211814,"Yoghurt, small individual",Indulgent Yoghurts & Dairy Desserts,yogurt single,0.0,TESCO CARROT CAKE STYLE YOGHURT 100G,£0.60,0.6,(£0.60/100g),0.6,100,g,6.0,kg,,
2015-11-19 05:00:12.414887,TESCO,211814,"Yoghurt, small individual",Indulgent Yoghurts & Dairy Desserts,yogurt single,0.0,TESCO RASPBERRY DOUGHNUT FLAVOUR YOGHURT 100G,£0.60,0.6,(£0.60/100g),0.6,100,g,6.0,kg,,
2015-11-19 05:00:12.416346,TESCO,211814,"Yoghurt, small individual",Indulgent Yoghurts & Dairy Desserts,yogurt single,0.0,TESCO MARMALADE ON TOAST STYLE YOGHURT 100G,£0.60,0.6,(£0.60/100g),0.6,100,g,6.0,kg,,
2015-11-19 05:00:12.420589,TESCO,211814,"Yoghurt, small individual",Kids Yoghurt,yogurt single,0.0,DISNEY STAR WARS STRAWBERRY YOGHURT SHAKE 250G,£1.30,1.3,(£0.52/100g),0.52,100,g,5.2,kg,,
2015-11-19 05:00:12.524185,TESCO,211807,Yoghurt/Fromage Frais ,Natural & Greek Yoghurt,fromage frais,0.0,DANIO 0% CHERRY YOGHURT 150G,£0.85,0.85,(£0.57/100g),0.57,100,g,5.7,kg,All products available for this offer,Any 4 for £3.00
2015-11-19 05:00:12.525706,TESCO,211807,Yoghurt/Fromage Frais ,Natural & Greek Yoghurt,fromage frais,0.0,Y/VALLEY 0% FAT GREEK STYLE HONEY YOGHURT 4 X 1...,£2.00,2.0,(£0.42/100g),0.42,100,g,4.2,kg,All products available for this offer,Any 2 for £3.00
2015-11-19 05:00:12.527836,TESCO,211807,Yoghurt/Fromage Frais ,Natural & Greek Yoghurt,fromage frais,0.0,TOTAL 0% GREEK YOGHURT SPLIT POT RASPBERRY 170G,£1.10,1.1,(£0.65/100g),0.65,100,g,6.5,kg,All products available for this offer,Any 4 for £3.00
2015-11-19 05:00:12.529409,TESCO,211807,Yoghurt/Fromage Frais ,Natural & Greek Yoghurt,fromage frais,0.0,Y/VALLEY 0% FAT GREEK STYLE NATURAL YOGHURT 450...,£1.70,1.7,(£0.38/100g),0.38,100,g,3.8,kg,All products available for this offer,Any 2 for £3.00
2015-11-19 05:00:12.530894,TESCO,211807,Yoghurt/Fromage Frais ,Natural & Greek Yoghurt,fromage frais,0.0,ONKEN GREEK STYLE APPLE AND CINNAMON 450G,£1.50,1.5,(£0.33/100g),0.33,100,g,3.3,kg,,
2015-11-19 05:00:12.532366,TESCO,211807,Yoghurt/Fromage Frais ,Natural & Greek Yoghurt,fromage frais,0.0,DANIO 0% PASSION FRUIT YOGHURT 150G,£0.85,0.85,(£0.57/100g),0.57,100,g,5.7,kg,All products available for this offer,Any 4 for £3.00
2015-11-19 05:00:12.533853,TESCO,211807,Yoghurt/Fromage Frais ,Natural & Greek Yoghurt,fromage frais,0.0,FRUYO 0% FAT STRAWBERRY GREEK YOGHURT 170G,£1.10,1.1,(£0.65/100g),0.65,100,g,6.5,kg,All products available for this offer,Any 4 for £3.00
2015-11-19 05:00:12.535329,TESCO,211807,Yoghurt/Fromage Frais ,Natural & Greek Yoghurt,fromage frais,0.0,LIBERTE 0% GREEK STYLE NATURAL YOGHURT 500G,£2.00,2.0,(£0.40/100g),0.4,100,g,4.0,kg,,
2015-11-19 05:00:12.536785,TESCO,211807,Yoghurt/Fromage Frais ,Natural & Greek Yoghurt,fromage frais,0.0,YEO VALLEY GREEK STYLE WITH GINGER 450G,£1.80,1.8,(£0.40/100g),0.4,100,g,4.0,kg,All products available for this offer,Any 2 for £3.00
2015-11-19 05:00:12.538337,TESCO,211807,Yoghurt/Fromage Frais ,Natural & Greek Yoghurt,fromage frais,0.0,TOTAL 0% GREEK YOGHURT 1KG,£4.50,4.5,(£0.45/100g),0.45,100,g,4.5,kg,,
2015-11-19 05:00:12.539814,TESCO,211807,Yoghurt/Fromage Frais ,Natural & Greek Yoghurt,fromage frais,0.0,FRUYO 0% FAT BLUEBERRY GREEK YOGHURT 170G,£1.10,1.1,(£0.65/100g),0.65,100,g,6.5,kg,All products available for this offer,Any 4 for £3.00
2015-11-19 05:00:12.541317,TESCO,211807,Yoghurt/Fromage Frais ,Natural & Greek Yoghurt,fromage frais,0.0,ONKEN GREEK STYLE LEMON AND RASPBERRY 450G,£1.50,1.5,(£0.33/100g),0.33,100,g,3.3,kg,,
2015-11-19 05:00:12.542719,TESCO,211807,Yoghurt/Fromage Frais ,Natural & Greek Yoghurt,fromage frais,0.0,ONKEN GREEK STYLE RHUBARB AND GINGER 450G,£1.50,1.5,(£0.33/100g),0.33,100,g,3.3,kg,,
2015-11-19 05:00:12.544165,TESCO,211807,Yoghurt/Fromage Frais ,Natural & Greek Yoghurt,fromage frais,0.0,Y/VALLEY 0% FAT GREEK STYLE YOGHURT STRAWBERRY ...,£2.00,2.0,(£0.42/100g),0.42,100,g,4.2,kg,All products available for this offer,Any 2 for £3.00
2015-11-19 05:00:12.545659,TESCO,211807,Yoghurt/Fromage Frais ,Natural & Greek Yoghurt,fromage frais,0.0,FRUYO PEACH 0% FAT GREEK YOGHURT 170G,£1.10,1.1,(£0.65/100g),0.65,100,g,6.5,kg,All products available for this offer,Any 4 for £3.00
2015-11-19 05:00:12.547145,TESCO,211807,Yoghurt/Fromage Frais ,Natural & Greek Yoghurt,fromage frais,0.0,YEO VALLEY 0% GREEK STYLE YOGHURT WITH VANILLA ...,£1.80,1.8,(£0.40/100g),0.4,100,g,4.0,kg,All products available for this offer,Any 2 for £3.00
2015-11-19 05:00:12.548708,TESCO,211807,Yoghurt/Fromage Frais ,Natural & Greek Yoghurt,fromage frais,0.0,TESCO WHIPPED GREEK STYLE STRAWBERRY YOGURTS 4 ...,£1.50,1.5,(£0.48/100g),0.48,100,g,4.8,kg,,
2015-11-19 05:00:12.550135,TESCO,211807,Yoghurt/Fromage Frais ,Natural & Greek Yoghurt,fromage frais,0.0,LIBERTE BLEND APRICOT MUSELI YOGHURT 140G,£1.00,1.0,(£0.71/100g),0.71,100,g,7.1,kg,All products available for this offer,Any 4 for £3.00
2015-11-19 05:00:12.551660,TESCO,211807,Yoghurt/Fromage Frais ,Natural & Greek Yoghurt,fromage frais,0.0,TESCO GREEK STYLE WITH VANILLA YOGHURT 450G,£1.10,1.1,(£0.24/100g),0.24,100,g,2.4,kg,,
2015-11-19 05:00:12.553095,TESCO,211807,Yoghurt/Fromage Frais ,Natural & Greek Yoghurt,fromage frais,0.0,TESCO WHIPPED GREEK STYLE LEMON YOGHURT 4X78G,£1.50,1.5,(£0.48/100g),0.48,100,g,4.8,kg,,
2015-11-19 05:00:12.654504,TESCO,211709,"Shop Milk, whole milk",Fresh Milk,whole,0.0,TESCO PURE BRITISH SKIMMED MILK 1L,£0.95,0.95,(£0.95/l),0.95,1.0,l,0.95,l,,
2015-11-19 05:00:12.655990,TESCO,211709,"Shop Milk, whole milk",Fresh Milk,whole,1.0,TESCO BRITISH WHOLE MILK 6X1L,£4.75,4.75,(£0.79/l),0.79,1.0,l,0.79,l,,
2015-11-19 05:00:12.658764,TESCO,211709,"Shop Milk, whole milk",Fresh Milk,whole,0.0,ALPRO LONG LIFE UNSWEETENED ALMOND MILK 1 LITRE,£1.70,1.7,(£1.70/l),1.7,1.0,l,1.7,l,,
2015-11-19 05:00:12.660302,TESCO,211709,"Shop Milk, whole milk",Fresh Milk,whole,0.0,OATLY LONGLIFE MILK ALTERNATIVE 1L,£1.40,1.4,(£1.40/l),1.4,1.0,l,1.4,l,,
2015-11-19 05:00:12.661690,TESCO,211709,"Shop Milk, whole milk",Fresh Milk,whole,0.0,TESCO EVERYDAY VALUE BRITISH SEMI SKIMMED LONGL...,£0.49,0.49,(£0.49/l),0.49,1.0,l,0.49,l,,
2015-11-19 05:00:12.663097,TESCO,211709,"Shop Milk, whole milk",Fresh Milk,whole,0.0,YAZOO CHOCOLATE MILKSHAKE 4X200ML,£1.60,1.6,(£0.20/100ml),0.2,100,ml,2.0,l,,
2015-11-19 05:00:12.664541,TESCO,211709,"Shop Milk, whole milk",Fresh Milk,whole,1.0,CRAVENDALE WHOLE MILK 1 LITRE,£1.00,1.0,(£1.00/l),1.0,1.0,l,1.0,l,SAVE 15p Was £1.15 Now £1.00 - all products for this offer,SAVE 15p Was £1.15 Now £1.00
2015-11-19 05:00:12.666011,TESCO,211709,"Shop Milk, whole milk",Fresh Milk,whole,0.0,CRUSHA STRAWBERRY NO ADDED SUGAR 500ML,£1.00,1.0,(£0.20/100ml),0.2,100,ml,2.0,l,SAVE 79p Was £1.79 Now £1.00 - all products for this offer,SAVE 79p Was £1.79 Now £1.00
2015-11-19 05:00:12.667499,TESCO,211709,"Shop Milk, whole milk",Fresh Milk,whole,0.0,RICE DREAM ORIGINAL WITH ADDED CALCIUM 1 LITRE,£1.40,1.4,(£1.40/l),1.4,1.0,l,1.4,l,,
2015-11-19 05:00:12.669083,TESCO,211709,"Shop Milk, whole milk",Fresh Milk,whole,0.0,FRIJJ REDUCED SUGAR CHOCOLATE 471ML,£0.65,0.65,(£0.14/100ml),0.14,100,ml,1.4,l,Half Price Was £1.30 Now 65p - all products for this offer,Half Price Was £1.30 Now 65p
2015-11-19 05:00:12.670597,TESCO,211709,"Shop Milk, whole milk",Fresh Milk,whole,0.0,YAZOO CHILLED CHOCOLATE FLAVOURED MILKSHAKE 400...,£1.00,1.0,(£0.25/100ml),0.25,100,ml,2.5,l,,
2015-11-19 05:00:12.672073,TESCO,211709,"Shop Milk, whole milk",Fresh Milk,whole,0.0,FRIJJ STRAWBERRY MILKSHAKE 471ML,£0.65,0.65,(£0.14/100ml),0.14,100,ml,1.4,l,Half Price Was £1.30 Now 65p - all products for this offer,Half Price Was £1.30 Now 65p
2015-11-19 05:00:12.673575,TESCO,211709,"Shop Milk, whole milk",Fresh Milk,whole,0.0,HAPPY MONKEY CHOCOLATE M/SHAKE 3X200ML,£1.25,1.25,(£2.09/l),2.09,1.0,l,2.09,l,All products available for this offer,Any 2 for £2.00
2015-11-19 05:00:12.675076,TESCO,211709,"Shop Milk, whole milk",Fresh Milk,whole,0.0,YEO VALLEY ORGANIC SEMI SKIMMED MILK 2L,£1.90,1.9,(£0.95/l),0.95,1.0,l,0.95,l,,
2015-11-19 05:00:12.676550,TESCO,211709,"Shop Milk, whole milk",Fresh Milk,whole,0.0,ALPRO LONGLIFE JUNIOR 1+ SOYA MILK ALTERNATIVE ...,£1.40,1.4,(£1.40/l),1.4,1.0,l,1.4,l,,
2015-11-19 05:00:12.677934,TESCO,211709,"Shop Milk, whole milk",Fresh Milk,whole,0.0,ALPRO LONGLIFE ORIGINAL SOYA MILK ALTERNATIVE 1...,£1.30,1.3,(£1.30/l),1.3,1.0,l,1.3,l,,
2015-11-19 05:00:12.683612,TESCO,211709,"Shop Milk, whole milk",Fresh Milk,whole,0.0,TESCO FREE FROM FRESH UNSWEETENED SOYA MILK 1 L...,£1.10,1.1,(£0.11/100ml),0.11,100,ml,1.1,l,,
2015-11-19 05:00:12.685091,TESCO,211709,"Shop Milk, whole milk",Fresh Milk,whole,0.0,KOKO DAIRY FREE ORIGINAL PLUS CALCIUM LONGLIFE ...,£1.40,1.4,(£1.40/l),1.4,1.0,l,1.4,l,,
2015-11-19 05:00:12.686793,TESCO,211709,"Shop Milk, whole milk",Fresh Milk,whole,0.0,TESCO ORGANIC LONGLIFE UNSWEETENED SOYA MILK 1 ...,£1.00,1.0,(£1.00/l),1.0,1.0,l,1.0,l,,
2015-11-19 05:00:12.688243,TESCO,211709,"Shop Milk, whole milk",Fresh Milk,whole,0.0,FRIJJ BANANA MILKSHAKE 471ML,£0.65,0.65,(£0.14/100ml),0.14,100,ml,1.4,l,Half Price Was £1.30 Now 65p - all products for this offer,Half Price Was £1.30 Now 65p
2015-11-19 05:00:12.705173,TESCO,310207,"Bitter, 4 cans, 3.4%-7.5% ABV",Beer - Ale & Bitter,bitter,0.0,TIMOTHY TAYLORS BOLTMAKER 500ML,£1.99,1.99,(£3.98/l),3.98,1.0,l,3.98,l,All products available for this offer,Any 4 for £6.00
2015-11-19 05:00:12.706681,TESCO,310207,"Bitter, 4 cans, 3.4%-7.5% ABV",Beer - Ale & Bitter,bitter,0.0,OLD HOPPY HEN 500ML,£1.79,1.79,(£3.58/l),3.58,1.0,l,3.58,l,All products available for this offer,Any 4 for £6.00
2015-11-19 05:00:12.710129,TESCO,310207,"Bitter, 4 cans, 3.4%-7.5% ABV",Beer - Ale & Bitter,bitter,0.0,BLUE MOON WHEAT BEER 355ML,£1.79,1.79,(£5.05/l),5.05,1.0,l,5.05,l,All products available for this offer,Any 4 for £6.00
2015-11-19 05:00:12.711670,TESCO,310207,"Bitter, 4 cans, 3.4%-7.5% ABV",Beer - Ale & Bitter,bitter,0.0,GREENE KING GREAT BRITISH ALES 6X500ML,£8.00,8.0,(£2.67/l),2.67,1.0,l,2.67,l,,
2015-11-19 05:00:12.713112,TESCO,310207,"Bitter, 4 cans, 3.4%-7.5% ABV",Beer - Ale & Bitter,bitter,0.0,MARSTONS CLASSIC ALES 6X500ML,£8.00,8.0,(£2.67/l),2.67,1.0,l,2.67,l,,
2015-11-19 05:00:12.714524,TESCO,310207,"Bitter, 4 cans, 3.4%-7.5% ABV",Beer - Ale & Bitter,bitter,0.0,BREWDOG DEAD PONY CLUB 330ML,£1.79,1.79,(£5.43/l),5.43,1.0,l,5.43,l,All products available for this offer,Any 4 for £6.00
2015-11-19 05:00:12.716063,TESCO,310207,"Bitter, 4 cans, 3.4%-7.5% ABV",Beer - Ale & Bitter,bitter,0.0,ABBOT ALE 500ML,£1.49,1.49,(£2.98/l),2.98,1.0,l,2.98,l,,
2015-11-19 05:00:12.717491,TESCO,310207,"Bitter, 4 cans, 3.4%-7.5% ABV",Beer - Ale & Bitter,bitter,1.0,BODDINGTONS DRAUGHT BITTER 4X440ML CANS,£3.75,3.75,(£2.14/l),2.14,1.0,l,2.14,l,,
2015-11-19 05:00:12.718902,TESCO,310207,"Bitter, 4 cans, 3.4%-7.5% ABV",Beer - Ale & Bitter,bitter,0.0,CRABBIES RASPBERRY 500ML,£1.79,1.79,(£3.58/l),3.58,1.0,l,3.58,l,All products available for this offer,Any 4 for £6.00
2015-11-19 05:00:12.727749,TESCO,211807,Yoghurt/Fromage Frais ,Multipack Yoghurts,fromage frais,1.0,GOODNESS FROMAGE FRAIS 4 X 80G,£1.00,1.0,(£0.31/100g),0.31,100,g,3.1,kg,,
2015-11-19 05:00:12.729234,TESCO,211807,Yoghurt/Fromage Frais ,Multipack Yoghurts,fromage frais,0.0,MULLER CORNER RED FRUIT YOGHURT 6 X 150G,£3.89,3.89,(£0.43/100g),0.43,100,g,4.3,kg,All products available for this offer,Any 2 for £5.00
2015-11-19 05:00:12.731458,TESCO,310207,"Bitter, 4 cans, 3.4%-7.5% ABV",Beer - Ale & Bitter,bitter,0.0,IRON MAIDEN TROOPER ALE 500ML,£1.79,1.79,(£3.58/l),3.58,1.0,l,3.58,l,All products available for this offer,Any 4 for £6.00
2015-11-19 05:00:12.733070,TESCO,310207,"Bitter, 4 cans, 3.4%-7.5% ABV",Beer - Ale & Bitter,bitter,0.0,WHITSTABLE BAY PALE ALE 500ML,£1.79,1.79,(£3.58/l),3.58,1.0,l,3.58,l,All products available for this offer,Any 4 for £6.00
2015-11-19 05:00:12.734565,TESCO,310207,"Bitter, 4 cans, 3.4%-7.5% ABV",Beer - Ale & Bitter,bitter,0.0,HOBGOBLIN GOLD CAN 4X500ML,£5.00,5.0,(£2.50/l),2.5,1.0,l,2.5,l,All products available for this offer,Any 2 for £8.00
2015-11-19 05:00:12.736157,TESCO,310207,"Bitter, 4 cans, 3.4%-7.5% ABV",Beer - Ale & Bitter,bitter,0.0,JOHN SMITHS EXTRA SMOOTH 12X440ML,£10.00,10.0,(£1.90/l),1.9,1.0,l,1.9,l,All products available for this offer,Any 2 for £18.00
2015-11-19 05:00:12.737641,TESCO,310207,"Bitter, 4 cans, 3.4%-7.5% ABV",Beer - Ale & Bitter,bitter,0.0,BOMBARDIER 4X500ML CAN,£4.50,4.5,(£2.25/l),2.25,1.0,l,2.25,l,All products available for this offer,Any 2 for £8.00
2015-11-19 05:00:12.739124,TESCO,310207,"Bitter, 4 cans, 3.4%-7.5% ABV",Beer - Ale & Bitter,bitter,0.0,BANANA BREAD BEER 50CL,£1.79,1.79,(£3.58/l),3.58,1.0,l,3.58,l,All products available for this offer,Any 4 for £6.00
2015-11-19 05:00:12.740676,TESCO,310207,"Bitter, 4 cans, 3.4%-7.5% ABV",Beer - Ale & Bitter,bitter,0.0,COURAGE DIRECTORS 4X500ML,£5.00,5.0,(£2.50/l),2.5,1.0,l,2.5,l,All products available for this offer,Any 2 for £8.00
2015-11-19 05:00:12.742733,TESCO,211807,Yoghurt/Fromage Frais ,Multipack Yoghurts,fromage frais,0.0,ACTIVIA MANGO YOGHURT 4X125G,£2.00,2.0,(£0.40/100g),0.4,100,g,4.0,kg,All products available for this offer,Any 2 for £3.00
2015-11-19 05:00:12.744312,TESCO,211807,Yoghurt/Fromage Frais ,Multipack Yoghurts,fromage frais,0.0,LIBERTE FAT FREE GREEK STRAWBERRY YOGHURT 4X100...,£2.20,2.2,(£0.55/100g),0.55,100,g,5.5,kg,All products available for this offer,Any 2 for £3.00
2015-11-19 05:00:12.745786,TESCO,211807,Yoghurt/Fromage Frais ,Multipack Yoghurts,fromage frais,0.0,PETIS FILOUS MAGIC SQUARES STRAWBERRY / VANILLA...,£1.00,1.0,(£0.31/100g),0.31,100,g,3.1,kg,SAVE 80p Was £1.80 Now £1.00 - all products for this offer,SAVE 80p Was £1.80 Now £1.00
2015-11-19 05:00:12.747374,TESCO,211807,Yoghurt/Fromage Frais ,Multipack Yoghurts,fromage frais,0.0,MULLER LIGHT FRUITOPOLIS CHERRY 4X130G,£2.49,2.49,(£0.48/100g),0.48,100,g,4.8,kg,All products available for this offer,Any 2 for £4.00
2015-11-19 05:00:12.748900,TESCO,211807,Yoghurt/Fromage Frais ,Multipack Yoghurts,fromage frais,0.0,WEIGHT WATCHERS TOFFEE AND VANILLA YOGHURT 4X12...,£1.00,1.0,(£0.21/100g),0.21,100,g,2.1,kg,,
2015-11-19 05:00:12.750304,TESCO,211807,Yoghurt/Fromage Frais ,Multipack Yoghurts,fromage frais,0.0,LIBERTE FAT FREE GREEK BLUEBERRY YOGHURT 4X100G,£2.20,2.2,(£0.55/100g),0.55,100,g,5.5,kg,All products available for this offer,Any 2 for £3.00
2015-11-19 05:00:12.751793,TESCO,211807,Yoghurt/Fromage Frais ,Multipack Yoghurts,fromage frais,1.0,PETITS FILOUS STRAWBERRY FROMAGE FRAIS 6X47G,£1.00,1.0,(£0.36/100g),0.36,100,g,3.6,kg,SAVE 50p Was £1.50 Now £1.00 - all products for this offer,SAVE 50p Was £1.50 Now £1.00
2015-11-19 05:00:12.756474,TESCO,310207,"Bitter, 4 cans, 3.4%-7.5% ABV",Beer - Ale & Bitter,bitter,0.0,BREWDOG NANNY STATE 330ML,£1.29,1.29,(£3.91/l),3.91,1.0,l,3.91,l,,
2015-11-19 05:00:12.757918,TESCO,310207,"Bitter, 4 cans, 3.4%-7.5% ABV",Beer - Ale & Bitter,bitter,0.0,ST AUSTELL KOREV 500ML,£1.79,1.79,(£3.58/l),3.58,1.0,l,3.58,l,All products available for this offer,Any 4 for £6.00
2015-11-19 05:00:12.759405,TESCO,310207,"Bitter, 4 cans, 3.4%-7.5% ABV",Beer - Ale & Bitter,bitter,0.0,SAMUEL ADAMS BOSTON LAGER 330ML,£1.79,1.79,(£5.43/l),5.43,1.0,l,5.43,l,All products available for this offer,Any 4 for £6.00
2015-11-19 05:00:12.760978,TESCO,310207,"Bitter, 4 cans, 3.4%-7.5% ABV",Beer - Ale & Bitter,bitter,0.0,CRABBIES ALCOHOLIC GINGER BEER 4X440ML,£5.00,5.0,(£2.85/l),2.85,1.0,l,2.85,l,All products available for this offer,Any 2 for £8.00
2015-11-19 05:00:12.765849,TESCO,211807,Yoghurt/Fromage Frais ,Multipack Yoghurts,fromage frais,0.5,PETITS FILOUS STRAWBERRY AND BANANA FROMAGE FRA...,£1.00,1.0,(£0.36/100g),0.36,100,g,3.6,kg,SAVE 50p Was £1.50 Now £1.00 - all products for this offer,SAVE 50p Was £1.50 Now £1.00
2015-11-19 05:00:12.767389,TESCO,211807,Yoghurt/Fromage Frais ,Multipack Yoghurts,fromage frais,1.0,LITTLE YEOS FROMAGE FRAIS STRAWBERRY RASPBERRY ...,£1.75,1.75,(£0.65/100g),0.65,100,g,6.5,kg,All products available for this offer,Any 2 for £2.50
2015-11-19 05:00:12.768985,TESCO,211807,Yoghurt/Fromage Frais ,Multipack Yoghurts,fromage frais,0.0,ACTIVIA FUSIONS BLUEBERRY ACAI YOGHURT 4X125G,£2.20,2.2,(£0.44/100g),0.44,100,g,4.4,kg,All products available for this offer,Any 2 for £3.00
2015-11-19 05:00:12.770488,TESCO,211807,Yoghurt/Fromage Frais ,Multipack Yoghurts,fromage frais,1.0,LITTLE YEOS FROMAGE FRAIS RASPBERRY APRICOT 6 P...,£1.75,1.75,(£0.65/100g),0.65,100,g,6.5,kg,All products available for this offer,Any 2 for £2.50
2015-11-19 05:00:12.772038,TESCO,211807,Yoghurt/Fromage Frais ,Multipack Yoghurts,fromage frais,0.0,MULLER CORNER KIDS BLAST OFF YOGHURT 4X135G,£2.40,2.4,(£0.44/100g),0.44,100,g,4.4,kg,All products available for this offer,Any 2 for £3.00
2015-11-19 05:00:12.773570,TESCO,211807,Yoghurt/Fromage Frais ,Multipack Yoghurts,fromage frais,0.0,MULLER LIGHT GOODIES STRAWBERRY WHITE CHOCOLATE...,£1.34,1.34,(£0.34/each),0.34,1.0,each,0.34,each,Half Price Was £2.69 Now £1.34 - all products for this offer,Half Price Was £2.69 Now £1.34
2015-11-19 05:00:12.775068,TESCO,211807,Yoghurt/Fromage Frais ,Multipack Yoghurts,fromage frais,0.0,MULLER CORNER GREEK STRAWBERRY YOGHURT 4X150G,£1.34,1.34,(£0.22/100g),0.22,100,g,2.2,kg,Half Price Was £2.69 Now £1.34 - all products for this offer,Half Price Was £2.69 Now £1.34
2015-11-19 05:00:12.778591,TESCO,211807,Yoghurt/Fromage Frais ,Multipack Yoghurts,fromage frais,0.0,MULLER LIGHT FRUITOPOLIS STRAWBERRY 4X130G,£2.49,2.49,(£0.48/100g),0.48,100,g,4.8,kg,All products available for this offer,Any 2 for £4.00
2015-11-19 05:00:12.780219,TESCO,211807,Yoghurt/Fromage Frais ,Multipack Yoghurts,fromage frais,0.0,ACTIVIA HEALTH FRUITS YOGURTS 8X125G,£2.90,2.9,(£0.29/100g),0.29,100,g,2.9,kg,,
2015-11-19 05:00:12.781702,TESCO,211807,Yoghurt/Fromage Frais ,Multipack Yoghurts,fromage frais,0.0,TESCO SPLITPOT CHOCOLATE BALL RASIN YOGHURT 6X1...,£2.00,2.0,(£0.25/100g),0.25,100,g,2.5,kg,,
2015-11-19 05:00:12.783127,TESCO,211807,Yoghurt/Fromage Frais ,Multipack Yoghurts,fromage frais,0.0,YEO VALLEY WHOLE MILK LEMON CURD 4X120G,£1.75,1.75,(£0.37/100g),0.37,100,g,3.7,kg,All products available for this offer,Any 2 for £3.00
2015-11-19 05:00:12.791763,TESCO,211501,"Cheese Cheddar, home produced, per kg",Cheddar Cheese,british cheddar,0.5,TESCO FARMHOUSE EXTRA MATURE WHITE CHEDDAR 200G,£1.40,1.4,(£7.00/kg),7.0,1.0,kg,7.0,kg,,
2015-11-19 05:00:12.793236,TESCO,211501,"Cheese Cheddar, home produced, per kg",Cheddar Cheese,british cheddar,0.5,TESCO BRITISH MILD WHITE 800G,£4.00,4.0,(£5.00/kg),5.0,1.0,kg,5.0,kg,,
2015-11-19 05:00:12.794654,TESCO,211501,"Cheese Cheddar, home produced, per kg",Cheddar Cheese,british cheddar,0.5,TESCO FINEST TASTY LANCASHIRE CHEDDAR 250G,£3.00,3.0,(£12.00/kg),12.0,1.0,kg,12.0,kg,,
2015-11-19 05:00:12.796156,TESCO,211501,"Cheese Cheddar, home produced, per kg",Cheddar Cheese,british cheddar,0.5,TESCO FINEST SMOKED EXTRA MAT CHEDDAR 200G,£2.50,2.5,(£12.50/kg),12.5,1.0,kg,12.5,kg,,
2015-11-19 05:00:12.797583,TESCO,211501,"Cheese Cheddar, home produced, per kg",Cheddar Cheese,british cheddar,0.5,TESCO FINEST CAVE AGED CHEDDAR 190G,£3.00,3.0,(£15.79/kg),15.79,1.0,kg,15.79,kg,,
2015-11-19 05:00:12.802674,TESCO,211501,"Cheese Cheddar, home produced, per kg",Cheddar Cheese,british cheddar,0.0,CATHEDRAL CITY RESERVE 300G,£4.00,4.0,(£13.34/kg),13.34,1.0,kg,13.34,kg,,
2015-11-19 05:00:12.815315,TESCO,211305,"Spreadable butter, 500g, 40-70% butter content","Butter, Spreads & Margarine",spreadable butter 500g,0.33,PURE SOYA 500G,£1.50,1.5,(£3.00/kg),3.0,1.0,kg,3.0,kg,,
2015-11-19 05:00:12.816876,TESCO,211305,"Spreadable butter, 500g, 40-70% butter content","Butter, Spreads & Margarine",spreadable butter 500g,0.33,BENECOL LIGHT SPREAD 500G,£3.49,3.49,(£6.98/kg),6.98,1.0,kg,6.98,kg,All products available for this offer,Any 2 for £5.00
2015-11-19 05:00:12.819047,TESCO,211305,"Spreadable butter, 500g, 40-70% butter content","Butter, Spreads & Margarine",spreadable butter 500g,0.0,FLORA PRO.ACTIV LIGHT SPREAD 250G,£1.90,1.9,(£7.60/kg),7.6,1.0,kg,7.6,kg,,
2015-11-19 05:00:12.820609,TESCO,211305,"Spreadable butter, 500g, 40-70% butter content","Butter, Spreads & Margarine",spreadable butter 500g,0.0,TESCO BAKING FAT 250G,£0.55,0.55,(£2.20/kg),2.2,1.0,kg,2.2,kg,,
2015-11-19 05:00:12.822060,TESCO,211305,"Spreadable butter, 500g, 40-70% butter content","Butter, Spreads & Margarine",spreadable butter 500g,0.0,FLORA BUTTERY SPREAD 1KG,£2.50,2.5,(£2.50/kg),2.5,1.0,kg,2.5,kg,,
2015-11-19 05:00:12.823499,TESCO,211305,"Spreadable butter, 500g, 40-70% butter content","Butter, Spreads & Margarine",spreadable butter 500g,0.67,LURPAK LIGHTER OLIVE OIL SPREADABLE 500G,£3.25,3.25,(£6.50/kg),6.5,1.0,kg,6.5,kg,,
2015-11-19 05:00:12.825012,TESCO,211305,"Spreadable butter, 500g, 40-70% butter content","Butter, Spreads & Margarine",spreadable butter 500g,0.0,FLORA ORIGINAL SPREAD 1KG,£2.50,2.5,(£2.50/kg),2.5,1.0,kg,2.5,kg,,
2015-11-19 05:00:12.826455,TESCO,211305,"Spreadable butter, 500g, 40-70% butter content","Butter, Spreads & Margarine",spreadable butter 500g,0.33,BENECOL BUTTERY SPREAD 500G,£3.49,3.49,(£6.98/kg),6.98,1.0,kg,6.98,kg,All products available for this offer,Any 2 for £5.00
2015-11-19 05:00:12.828039,TESCO,211305,"Spreadable butter, 500g, 40-70% butter content","Butter, Spreads & Margarine",spreadable butter 500g,1.0,YEO VALLEY ORGANIC SPREADABLE BUTTER 500G,£3.00,3.0,(£6.00/kg),6.0,1.0,kg,6.0,kg,,
2015-11-19 05:00:12.829543,TESCO,211305,"Spreadable butter, 500g, 40-70% butter content","Butter, Spreads & Margarine",spreadable butter 500g,0.0,FLORA CUISINE ORIGINAL COOKING LIQUID 500ML,£1.80,1.8,(£3.60/l),3.6,1.0,l,3.6,l,All products available for this offer,Buy 1 Get 1 FREE
2015-11-19 05:00:12.831178,TESCO,211305,"Spreadable butter, 500g, 40-70% butter content","Butter, Spreads & Margarine",spreadable butter 500g,0.33,CLOVER LIGHTER THAN LIGHT SPREAD 500G,£1.50,1.5,(£3.00/kg),3.0,1.0,kg,3.0,kg,All products available for this offer,Any 2 for £2.00
2015-11-19 05:00:12.832800,TESCO,211305,"Spreadable butter, 500g, 40-70% butter content","Butter, Spreads & Margarine",spreadable butter 500g,0.0,TREX VEGETABLE FAT 250G,£0.79,0.79,(£3.16/kg),3.16,1.0,kg,3.16,kg,,
2015-11-19 05:00:12.834237,TESCO,211305,"Spreadable butter, 500g, 40-70% butter content","Butter, Spreads & Margarine",spreadable butter 500g,0.0,BRITANNIA BEEF DRIPPING 250G,£0.60,0.6,(£2.40/kg),2.4,1.0,kg,2.4,kg,,
2015-11-19 05:00:12.835728,TESCO,211305,"Spreadable butter, 500g, 40-70% butter content","Butter, Spreads & Margarine",spreadable butter 500g,0.33,FLORA PRO.ACTIV OLIVE SPREAD 500G,£3.00,3.0,(£6.00/kg),6.0,1.0,kg,6.0,kg,SAVE 50p Was £3.50 Now £3.00 - all products for this offer,SAVE 50p Was £3.50 Now £3.00
2015-11-19 05:00:12.837279,TESCO,211305,"Spreadable butter, 500g, 40-70% butter content","Butter, Spreads & Margarine",spreadable butter 500g,0.33,TESCO FINEST SALTED NORMANDY BUTTER 250G,£1.75,1.75,(£7.00/kg),7.0,1.0,kg,7.0,kg,,
2015-11-19 05:00:12.838733,TESCO,211305,"Spreadable butter, 500g, 40-70% butter content","Butter, Spreads & Margarine",spreadable butter 500g,0.0,GOLD FROM FLORA SLIGHTLY SALTED SPREAD 400G,£1.50,1.5,(£3.75/kg),3.75,1.0,kg,3.75,kg,SAVE 99p Was £2.49 Now £1.50 - all products for this offer,SAVE 99p Was £2.49 Now £1.50
2015-11-19 05:00:12.840365,TESCO,211305,"Spreadable butter, 500g, 40-70% butter content","Butter, Spreads & Margarine",spreadable butter 500g,0.33,KERRYGOLD SOFTER BUTTER 250G,£1.90,1.9,(£7.60/kg),7.6,1.0,kg,7.6,kg,,
2015-11-19 05:00:12.841829,TESCO,211305,"Spreadable butter, 500g, 40-70% butter content","Butter, Spreads & Margarine",spreadable butter 500g,0.33,LURPAK LIGHTER SLIGHTLY SALTED SPREADABLE 1KG,£5.00,5.0,(£5.00/kg),5.0,1.0,kg,5.0,kg,SAVE £1.20 Was £6.20 Now £5.00 - all products for this offer,SAVE £1.20 Was £6.20 Now £5.00
2015-11-19 05:00:12.843347,TESCO,211305,"Spreadable butter, 500g, 40-70% butter content","Butter, Spreads & Margarine",spreadable butter 500g,0.0,CRISP 'N' DRY SOLID COOKING OIL 250G,£0.79,0.79,(£3.16/kg),3.16,1.0,kg,3.16,kg,,
2015-11-19 05:00:12.844836,TESCO,211305,"Spreadable butter, 500g, 40-70% butter content","Butter, Spreads & Margarine",spreadable butter 500g,0.33,ST HELENS FARM GOATS BUTTER 250G,£1.90,1.9,(£7.60/kg),7.6,1.0,kg,7.6,kg,,
2015-11-19 05:00:12.908517,TESCO,211814,"Yoghurt, small individual",Fat Free & Low Fat Yoghurt,yogurt single,0.0,ONKEN FAT FREE VANILLA YOGHURT 450G,£1.30,1.3,(£0.29/100g),0.29,100,g,2.9,kg,All products available for this offer,Any 2 for £2.00
2015-11-19 05:00:12.910076,TESCO,211814,"Yoghurt, small individual",Fat Free & Low Fat Yoghurt,yogurt single,0.0,YEO VALLEY NATURAL YOGHURT 500G,£1.50,1.5,(£0.30/100g),0.3,100,g,3.0,kg,,
2015-11-19 05:00:12.912320,TESCO,211814,"Yoghurt, small individual",Fat Free & Low Fat Yoghurt,yogurt single,0.0,ACTIVIA 0% FAT PEACH YOGHURT 4X125G,£2.00,2.0,(£0.40/100g),0.4,100,g,4.0,kg,All products available for this offer,Any 2 for £3.00
2015-11-19 05:00:12.913842,TESCO,211814,"Yoghurt, small individual",Fat Free & Low Fat Yoghurt,yogurt single,0.0,MULLER LIGHT TOFFEE AND VANILLA YOGHURT 6X175G,£1.94,1.94,(£0.19/100g),0.19,100,g,1.9,kg,Half Price Was £3.89 Now £1.94 - all products for this offer,Half Price Was £3.89 Now £1.94
2015-11-19 05:00:12.915382,TESCO,211814,"Yoghurt, small individual",Fat Free & Low Fat Yoghurt,yogurt single,0.0,MULLER LIGHT GREEK COCONUT AND VANILLA YOGHURT ...,£2.49,2.49,(£0.52/100g),0.52,100,g,5.2,kg,All products available for this offer,Any 2 for £4.00
2015-11-19 05:00:12.916918,TESCO,211814,"Yoghurt, small individual",Fat Free & Low Fat Yoghurt,yogurt single,0.0,TESCO HEALTHY LIVING NATURAL FROMAGE FRAIS 500G,£1.00,1.0,(£0.20/100g),0.2,100,g,2.0,kg,,
2015-11-19 05:00:12.918368,TESCO,211814,"Yoghurt, small individual",Fat Free & Low Fat Yoghurt,yogurt single,0.0,MULLER LIGHT RASPBERRY CRANBERRY YOGHURT 175G,£0.68,0.68,(£0.39/100g),0.39,100,g,3.9,kg,All products available for this offer,Any 6 for £3.00
2015-11-19 05:00:12.919900,TESCO,211814,"Yoghurt, small individual",Fat Free & Low Fat Yoghurt,yogurt single,0.0,ACTIVIA 0% FAT RASPBERRY YOGHURT 4X125G,£2.00,2.0,(£0.40/100g),0.4,100,g,4.0,kg,All products available for this offer,Any 2 for £3.00
2015-11-19 05:00:12.921428,TESCO,211814,"Yoghurt, small individual",Fat Free & Low Fat Yoghurt,yogurt single,0.0,ONKEN FAT FREE STRAWBERRY YOGHURT 450G,£1.30,1.3,(£0.29/100g),0.29,100,g,2.9,kg,All products available for this offer,Any 2 for £2.00
2015-11-19 05:00:12.927088,TESCO,211814,"Yoghurt, small individual",Fat Free & Low Fat Yoghurt,yogurt single,0.0,ACTIVIA 0% FAT CHERRY YOGHURT 4X125G,£2.00,2.0,(£0.40/100g),0.4,100,g,4.0,kg,All products available for this offer,Any 2 for £3.00
2015-11-19 05:00:12.928700,TESCO,211814,"Yoghurt, small individual",Fat Free & Low Fat Yoghurt,yogurt single,0.0,MULLER LIGHT LIMITED EDITION 165G,£0.68,0.68,(£0.41/100g),0.41,100,g,4.1,kg,All products available for this offer,Any 6 for £3.00
2015-11-19 05:00:12.930217,TESCO,211814,"Yoghurt, small individual",Fat Free & Low Fat Yoghurt,yogurt single,0.0,CADBURY FLAKE TWINPOT 90G,£0.75,0.75,(£0.83/100g),0.83,100,g,8.3,kg,All products available for this offer,Any 6 for £4.00
2015-11-19 05:00:12.931798,TESCO,211814,"Yoghurt, small individual",Fat Free & Low Fat Yoghurt,yogurt single,0.0,TESCO FAT FREE GREEK STYLE YOGHURT 200G,£0.50,0.5,(£0.25/100g),0.25,100,g,2.5,kg,,
2015-11-19 05:00:12.933307,TESCO,211814,"Yoghurt, small individual",Fat Free & Low Fat Yoghurt,yogurt single,0.0,WEIGHT WATCHERS BERRY CHERRY FROMAGE FRAIS 4X10...,£1.00,1.0,(£0.25/100g),0.25,100,g,2.5,kg,,
2015-11-19 05:00:12.934748,TESCO,211814,"Yoghurt, small individual",Fat Free & Low Fat Yoghurt,yogurt single,0.0,SKI VARIETY FRUIT YOGHURT 4X120G,£1.00,1.0,(£0.21/100g),0.21,100,g,2.1,kg,,
2015-11-19 05:00:12.936285,TESCO,211814,"Yoghurt, small individual",Fat Free & Low Fat Yoghurt,yogurt single,0.0,ACTIVIA 0% FAT RED FRUITS YOGHURT 8X125G,£2.90,2.9,(£0.29/100g),0.29,100,g,2.9,kg,,
2015-11-19 05:00:12.939078,TESCO,211814,"Yoghurt, small individual",Fat Free & Low Fat Yoghurt,yogurt single,0.0,WEIGHT WATCHERS DESSERT STYLE YOGHURT 4X120G,£1.00,1.0,(£0.21/100g),0.21,100,g,2.1,kg,,
2015-11-19 05:00:12.940574,TESCO,211814,"Yoghurt, small individual",Fat Free & Low Fat Yoghurt,yogurt single,0.0,TESCO LOW FAT SWEET TREAT YOGHURT 6X125G,£1.00,1.0,(£0.13/100g),0.13,100,g,1.3,kg,,
2015-11-19 05:00:12.941998,TESCO,211814,"Yoghurt, small individual",Fat Free & Low Fat Yoghurt,yogurt single,0.0,TESCO LOW FAT NATURAL YOGHURT 1KG,£1.70,1.7,(£0.17/100g),0.17,100,g,1.7,kg,,
2015-11-19 05:00:12.943416,TESCO,211814,"Yoghurt, small individual",Fat Free & Low Fat Yoghurt,yogurt single,0.0,TOTAL 0% FAT GREEK YOGHURT 170G,£1.00,1.0,(£0.59/100g),0.59,100,g,5.9,kg,,
2015-11-19 05:00:12.955144,TESCO,310218,"Apple Cider, bottle, 4.5%-5.5% ABV",Cider,apple cider,0.0,STELLA ARTOIS CIDRE PEAR 568ML,£1.99,1.99,(£3.51/l),3.51,1.0,l,3.51,l,All products available for this offer,Any 3 for £5.00
2015-11-19 05:00:12.956707,TESCO,310218,"Apple Cider, bottle, 4.5%-5.5% ABV",Cider,apple cider,0.0,KOPPARBERG RASPBERRY 500ML,£2.19,2.19,(£4.38/l),4.38,1.0,l,4.38,l,All products available for this offer,Any 3 for £5.00
2015-11-19 05:00:12.962201,TESCO,310218,"Apple Cider, bottle, 4.5%-5.5% ABV",Cider,apple cider,0.5,TESCO FRUIT CIDER 4X440ML,£3.30,3.3,(£1.88/l),1.88,1.0,l,1.88,l,,
2015-11-19 05:00:12.963664,TESCO,310218,"Apple Cider, bottle, 4.5%-5.5% ABV",Cider,apple cider,0.0,BULMERS ORIGINAL 4.5% 568ML,£1.99,1.99,(£3.51/l),3.51,1.0,l,3.51,l,All products available for this offer,Any 3 for £5.00
2015-11-19 05:00:12.965183,TESCO,310218,"Apple Cider, bottle, 4.5%-5.5% ABV",Cider,apple cider,0.0,REKORDERLIG MANGO AND RASPBERRY 500ML,£2.19,2.19,(£4.38/l),4.38,1.0,l,4.38,l,All products available for this offer,Any 3 for £5.00
2015-11-19 05:00:12.966741,TESCO,310218,"Apple Cider, bottle, 4.5%-5.5% ABV",Cider,apple cider,0.5,BROTHERS COCONUT AND LIME CIDER 500ML,£1.99,1.99,(£3.98/l),3.98,1.0,l,3.98,l,All products available for this offer,Any 3 for £5.00
2015-11-19 05:00:12.968269,TESCO,310218,"Apple Cider, bottle, 4.5%-5.5% ABV",Cider,apple cider,0.5,WESTONS WYLD WOOD ORGANIC CIDER 3L,£7.25,7.25,(£2.42/l),2.42,1.0,l,2.42,l,,
2015-11-19 05:00:12.969707,TESCO,310218,"Apple Cider, bottle, 4.5%-5.5% ABV",Cider,apple cider,0.0,STOWFORD PRESS 500ML,£1.99,1.99,(£3.98/l),3.98,1.0,l,3.98,l,All products available for this offer,Any 3 for £5.00
2015-11-19 05:00:12.971193,TESCO,310218,"Apple Cider, bottle, 4.5%-5.5% ABV",Cider,apple cider,0.5,OLD MOUT CIDER POMEGRANATE AND STRAWBERRY 500ML,£2.19,2.19,(£4.38/l),4.38,1.0,l,4.38,l,All products available for this offer,Any 3 for £5.00
2015-11-19 05:00:12.973963,TESCO,310218,"Apple Cider, bottle, 4.5%-5.5% ABV",Cider,apple cider,0.5,CARLING BRITISH CIDER CHERRY 500ML,£1.99,1.99,(£3.98/l),3.98,1.0,l,3.98,l,All products available for this offer,Any 3 for £5.00
2015-11-19 05:00:12.975475,TESCO,310218,"Apple Cider, bottle, 4.5%-5.5% ABV",Cider,apple cider,0.5,CHAPLIN AND CORK'S SOMERSET RESERVE CIDER 500ML,£1.99,1.99,(£3.98/l),3.98,1.0,l,3.98,l,All products available for this offer,Any 3 for £5.00
2015-11-19 05:00:12.977014,TESCO,310218,"Apple Cider, bottle, 4.5%-5.5% ABV",Cider,apple cider,0.0,STELLA ARTOIS CIDRE 8X500ML,£9.00,9.0,(£2.65/l),2.65,1.0,l,2.65,l,,
2015-11-19 05:00:12.978419,TESCO,310218,"Apple Cider, bottle, 4.5%-5.5% ABV",Cider,apple cider,0.5,STRONGBOW CLOUDY APPLE 4X440ML,£5.00,5.0,(£2.85/l),2.85,1.0,l,2.85,l,All products available for this offer,Any 2 for £8.00
2015-11-19 05:00:12.979929,TESCO,310218,"Apple Cider, bottle, 4.5%-5.5% ABV",Cider,apple cider,0.0,STELLA CIDRE ELDERFLOWER 500ML,£1.99,1.99,(£3.98/l),3.98,1.0,l,3.98,l,All products available for this offer,Any 3 for £5.00
2015-11-19 05:00:12.981439,TESCO,310218,"Apple Cider, bottle, 4.5%-5.5% ABV",Cider,apple cider,0.5,THATCHERS GOLD CIDER 500ML,£1.99,1.99,(£3.98/l),3.98,1.0,l,3.98,l,All products available for this offer,Any 3 for £5.00
2015-11-19 05:00:12.982925,TESCO,310218,"Apple Cider, bottle, 4.5%-5.5% ABV",Cider,apple cider,0.0,STELLA CIDRE RASPBERRY 4X330ML,£5.00,5.0,(£3.79/l),3.79,1.0,l,3.79,l,,
2015-11-19 05:00:12.991392,TESCO,310215,"Lager, 4 bottles, 4.3%-7.5% ABV",Beer - Lager,lager bottles,0.5,BIERE D'OR DES FLANDRES 20X25CL BOTTLES,£6.80,6.8,(£1.36/l),1.36,1.0,l,1.36,l,,
2015-11-19 05:00:12.992870,TESCO,310215,"Lager, 4 bottles, 4.3%-7.5% ABV",Beer - Lager,lager bottles,0.0,BECKS VIER 4X440ML,£3.50,3.5,(£1.99/l),1.99,1.0,l,1.99,l,,
2015-11-19 05:00:12.994268,TESCO,310215,"Lager, 4 bottles, 4.3%-7.5% ABV",Beer - Lager,lager bottles,0.0,SIERRA NEVADA 350ML,£1.79,1.79,(£5.12/l),5.12,1.0,l,5.12,l,All products available for this offer,Any 4 for £6.00
2015-11-19 05:00:12.995819,TESCO,310218,"Apple Cider, bottle, 4.5%-5.5% ABV",Cider,apple cider,0.0,KOPPARBERG STRAWBERRY AND LIME ALCOHOL FREE 4X3...,£3.50,3.5,(£2.66/l),2.66,1.0,l,2.66,l,,
2015-11-19 05:00:12.997263,TESCO,310218,"Apple Cider, bottle, 4.5%-5.5% ABV",Cider,apple cider,1.0,STRONGBOW CLOUDY APPLE CIDER 10X440ML,£9.00,9.0,(£2.05/l),2.05,1.0,l,2.05,l,,
2015-11-19 05:00:12.998666,TESCO,310218,"Apple Cider, bottle, 4.5%-5.5% ABV",Cider,apple cider,0.0,KOPPARBERG MIXED FRUIT ALCOHOL FREE 4X330ML,£3.50,3.5,(£2.66/l),2.66,1.0,l,2.66,l,,
2015-11-19 05:00:13.000109,TESCO,310218,"Apple Cider, bottle, 4.5%-5.5% ABV",Cider,apple cider,0.0,WESTONS OLD ROSIE CLOUDY SCRUMPY 2 LITRES,£5.00,5.0,(£2.50/l),2.5,1.0,l,2.5,l,,
2015-11-19 05:00:13.005145,TESCO,310215,"Lager, 4 bottles, 4.3%-7.5% ABV",Beer - Lager,lager bottles,0.0,STELLA ARTOIS 660ML,£1.99,1.99,(£3.02/l),3.02,1.0,l,3.02,l,All products available for this offer,Any 3 for £5.00
2015-11-19 05:00:13.006653,TESCO,310215,"Lager, 4 bottles, 4.3%-7.5% ABV",Beer - Lager,lager bottles,0.0,COORS LIGHT 18X440ML,£12.00,12.0,(£1.52/l),1.52,1.0,l,1.52,l,SAVE £1.00 Was £13.00 Now £12.00 - all products for this offer,SAVE £1.00 Was £13.00 Now £12.00
2015-11-19 05:00:13.008238,TESCO,310215,"Lager, 4 bottles, 4.3%-7.5% ABV",Beer - Lager,lager bottles,0.0,BAVARIA WIT 0.0% BEER 6X330ML,£3.00,3.0,(£1.52/l),1.52,1.0,l,1.52,l,,
2015-11-19 05:00:13.009643,TESCO,310215,"Lager, 4 bottles, 4.3%-7.5% ABV",Beer - Lager,lager bottles,0.0,STAROPRAMEN 660ML,£1.48,1.48,(£2.25/l),2.25,1.0,l,2.25,l,,
2015-11-19 05:00:13.011051,TESCO,310215,"Lager, 4 bottles, 4.3%-7.5% ABV",Beer - Lager,lager bottles,0.0,TIGER 640ML,£1.99,1.99,(£3.11/l),3.11,1.0,l,3.11,l,All products available for this offer,Any 3 for £5.00
2015-11-19 05:00:13.012577,TESCO,310215,"Lager, 4 bottles, 4.3%-7.5% ABV",Beer - Lager,lager bottles,0.0,COORS LIGHT 6X330ML,£4.50,4.5,(£2.28/l),2.28,1.0,l,2.28,l,SAVE 50p Was £5.00 Now £4.50 - all products for this offer,SAVE 50p Was £5.00 Now £4.50
2015-11-19 05:00:13.014054,TESCO,310215,"Lager, 4 bottles, 4.3%-7.5% ABV",Beer - Lager,lager bottles,0.0,PERONI NASTRO AZZURRO 620ML,£2.59,2.59,(£4.18/l),4.18,1.0,l,4.18,l,All products available for this offer,2 for £4.00
2015-11-19 05:00:13.015584,TESCO,310215,"Lager, 4 bottles, 4.3%-7.5% ABV",Beer - Lager,lager bottles,0.0,STAROPRAMEN 12X330ML,£12.00,12.0,(£3.04/l),3.04,1.0,l,3.04,l,All products available for this offer,Any 2 for £18.00
2015-11-19 05:00:13.017110,TESCO,310215,"Lager, 4 bottles, 4.3%-7.5% ABV",Beer - Lager,lager bottles,0.0,BUDWEISER 4X440ML,£4.00,4.0,(£2.28/l),2.28,1.0,l,2.28,l,,
2015-11-19 05:00:13.018522,TESCO,310215,"Lager, 4 bottles, 4.3%-7.5% ABV",Beer - Lager,lager bottles,0.5,SKOL LAGER 4X440ML CANS,£2.00,2.0,(£1.14/l),1.14,1.0,l,1.14,l,,
2015-11-19 05:00:13.019976,TESCO,310215,"Lager, 4 bottles, 4.3%-7.5% ABV",Beer - Lager,lager bottles,0.5,HEINEKEN LAGER 650ML BOTTLE,£1.99,1.99,(£3.07/l),3.07,1.0,l,3.07,l,All products available for this offer,Any 3 for £5.00
2015-11-19 05:00:13.021528,TESCO,310215,"Lager, 4 bottles, 4.3%-7.5% ABV",Beer - Lager,lager bottles,0.0,FOSTERS GOLD 20X300ML,£13.00,13.0,(£2.17/l),2.17,1.0,l,2.17,l,,
2015-11-19 05:00:13.022928,TESCO,310215,"Lager, 4 bottles, 4.3%-7.5% ABV",Beer - Lager,lager bottles,0.0,SAN MIGUEL 0.0% ALCOHOL 4X330ML,£3.00,3.0,(£2.28/l),2.28,1.0,l,2.28,l,SAVE 50p Was £3.50 Now £3.00 - all products for this offer,SAVE 50p Was £3.50 Now £3.00
2015-11-19 05:00:13.024448,TESCO,310215,"Lager, 4 bottles, 4.3%-7.5% ABV",Beer - Lager,lager bottles,0.0,BECKS VIER 12X440ML,£9.00,9.0,(£1.71/l),1.71,1.0,l,1.71,l,,
2015-11-19 05:00:13.026238,TESCO,310215,"Lager, 4 bottles, 4.3%-7.5% ABV",Beer - Lager,lager bottles,0.0,FOSTERS 4X568ML,£4.50,4.5,(£1.99/l),1.99,1.0,l,1.99,l,,
2015-11-19 05:00:13.027719,TESCO,310215,"Lager, 4 bottles, 4.3%-7.5% ABV",Beer - Lager,lager bottles,0.5,SINGHA THAI LAGER 630ML,£1.99,1.99,(£3.16/l),3.16,1.0,l,3.16,l,All products available for this offer,Any 3 for £5.00
2015-11-19 05:00:13.029254,TESCO,310215,"Lager, 4 bottles, 4.3%-7.5% ABV",Beer - Lager,lager bottles,0.0,STELLA ARTOIS 10X250ML,£6.00,6.0,(£2.40/l),2.4,1.0,l,2.4,l,,
2015-11-19 05:00:13.062403,TESCO,212016,"Fresh/Chilled Orange Juice, eg. Tropicana",Chilled Juice,fresh orange juice,0.67,TROPICANA CALCIUM ORANGE JUICE SMOOTH 850ML,£2.48,2.48,(£0.29/100ml),0.29,100,ml,2.9,l,,
2015-11-19 05:00:13.063922,TESCO,212016,"Fresh/Chilled Orange Juice, eg. Tropicana",Chilled Juice,fresh orange juice,0.67,TROPICANA ORANGE AND MANGO JUICE 1.5L,£3.50,3.5,(£0.23/100ml),0.23,100,ml,2.3,l,,
2015-11-19 05:00:13.066080,TESCO,212016,"Fresh/Chilled Orange Juice, eg. Tropicana",Chilled Juice,fresh orange juice,0.33,INNOCENT TROPICAL JUICE 900ML,£2.39,2.39,(£0.27/100ml),0.27,100,ml,2.7,l,All products available for this offer,Any 2 for £3.50
2015-11-19 05:00:13.067678,TESCO,212016,"Fresh/Chilled Orange Juice, eg. Tropicana",Chilled Juice,fresh orange juice,0.33,TROPICANA PINEAPPLE JUICE 850ML,£2.48,2.48,(£0.29/100ml),0.29,100,ml,2.9,l,,
2015-11-19 05:00:13.069154,TESCO,212016,"Fresh/Chilled Orange Juice, eg. Tropicana",Chilled Juice,fresh orange juice,0.33,WELCH'S PURPLE GRAPE 100% PURE JUICE 750ML,£1.99,1.99,(£0.27/100ml),0.27,100,ml,2.7,l,,
2015-11-19 05:00:13.070643,TESCO,212016,"Fresh/Chilled Orange Juice, eg. Tropicana",Chilled Juice,fresh orange juice,0.33,INNOCENT APPLE AND MANGO JUICE 1.35 LITRE,£2.99,2.99,(£0.22/100ml),0.22,100,ml,2.2,l,All products available for this offer,Any 2 for £4.00
2015-11-19 05:00:13.072181,TESCO,212016,"Fresh/Chilled Orange Juice, eg. Tropicana",Chilled Juice,fresh orange juice,0.33,INNOCENT APPLE AND RASPBERRY JUICE 1.35 LITRE,£2.99,2.99,(£0.22/100ml),0.22,100,ml,2.2,l,All products available for this offer,Any 2 for £4.00
2015-11-19 05:00:13.073679,TESCO,212016,"Fresh/Chilled Orange Juice, eg. Tropicana",Chilled Juice,fresh orange juice,0.67,TROPICANA ORANGE AND LIME JUICE 850ML,£2.48,2.48,(£0.29/100ml),0.29,100,ml,2.9,l,,
2015-11-19 05:00:13.075100,TESCO,212016,"Fresh/Chilled Orange Juice, eg. Tropicana",Chilled Juice,fresh orange juice,0.0,TESCO WHITE GRAPE AND PEACH NOT FROM CONCENTRAT...,£1.40,1.4,(£0.14/100ml),0.14,100,ml,1.4,l,All products available for this offer,Any 3 for £3.50
2015-11-19 05:00:13.080084,TESCO,212016,"Fresh/Chilled Orange Juice, eg. Tropicana",Chilled Juice,fresh orange juice,0.33,TESCO NO ADDED SUGAR TROPICAL JUICE DRINK 2 LIT...,£1.40,1.4,(£0.07/100ml),0.07,100,ml,0.7,l,,
2015-11-19 05:00:13.081552,TESCO,212016,"Fresh/Chilled Orange Juice, eg. Tropicana",Chilled Juice,fresh orange juice,0.67,COPELLA ORANGE JUICE SMOOTH 900ML,£2.00,2.0,(£0.22/100ml),0.22,100,ml,2.2,l,,
2015-11-19 05:00:13.082981,TESCO,212016,"Fresh/Chilled Orange Juice, eg. Tropicana",Chilled Juice,fresh orange juice,0.33,POM WONDERFUL 100% POMEGRANATE JUICE 710ML,£3.56,3.56,(£0.50/100ml),0.5,100,ml,5.0,l,,
2015-11-19 05:00:13.084454,TESCO,212016,"Fresh/Chilled Orange Juice, eg. Tropicana",Chilled Juice,fresh orange juice,0.33,TROPICANA RUBY BREAKFAST JUICE 850ML,£2.48,2.48,(£0.29/100ml),0.29,100,ml,2.9,l,,
2015-11-19 05:00:13.085887,TESCO,212016,"Fresh/Chilled Orange Juice, eg. Tropicana",Chilled Juice,fresh orange juice,0.0,TESCO FINEST FRESHLY SQUEEZED LEMONADE2X1000ML,£4.98,4.98,(£0.25/100ml),0.25,100,ml,2.5,l,BUY 1 SIDE + 1 MAIN + 1 DESSERT + A DRINK FOR £10 - all products for this offer,BUY 1 SIDE + 1 MAIN + 1 DESSERT + A DRINK FOR £10
2015-11-19 05:00:13.087403,TESCO,212016,"Fresh/Chilled Orange Juice, eg. Tropicana",Chilled Juice,fresh orange juice,0.33,COPELLA APPLE AND ELDERFLOWER JUICE 900ML,£2.00,2.0,(£0.22/100ml),0.22,100,ml,2.2,l,,
2015-11-19 05:00:13.088872,TESCO,212016,"Fresh/Chilled Orange Juice, eg. Tropicana",Chilled Juice,fresh orange juice,0.33,TROPICANA GOLDEN GRAPEFRUIT JUICE 1 LITRE,£2.48,2.48,(£0.25/100ml),0.25,100,ml,2.5,l,,
2015-11-19 05:00:13.091489,TESCO,212016,"Fresh/Chilled Orange Juice, eg. Tropicana",Chilled Juice,fresh orange juice,0.33,TROPICANA MULTIVITAMINS FRUIT JUICE 850ML,£2.48,2.48,(£0.29/100ml),0.29,100,ml,2.9,l,,
2015-11-19 05:00:13.093025,TESCO,212016,"Fresh/Chilled Orange Juice, eg. Tropicana",Chilled Juice,fresh orange juice,0.33,TESCO CHERRY JUICE DRINK 1LTR,£1.00,1.0,(£0.10/100ml),0.1,100,ml,1.0,l,All products available for this offer,Any 4 for £3.50
2015-11-19 05:00:13.094535,TESCO,212016,"Fresh/Chilled Orange Juice, eg. Tropicana",Chilled Juice,fresh orange juice,0.67,TROPICANA ORANGE AND RASPBERRY JUICE 850ML,£2.48,2.48,(£0.29/100ml),0.29,100,ml,2.9,l,,
2015-11-19 05:00:13.095985,TESCO,212016,"Fresh/Chilled Orange Juice, eg. Tropicana",Chilled Juice,fresh orange juice,0.33,TROPICANA TROPICAL JUICE 850ML,£2.48,2.48,(£0.29/100ml),0.29,100,ml,2.9,l,,
2015-11-19 05:00:13.107497,TESCO,310421,"Red Wine, European, bottle",Red Wine,red wine,0.5,WINE ROUTE ARGENTINA MALBEC,£7.00,7.0,(£9.34/l),9.34,1.0,l,9.34,l,BUY 1 SIDE + 1 MAIN + 1 DESSERT + A DRINK FOR £10 - all products for this offer,BUY 1 SIDE + 1 MAIN + 1 DESSERT + A DRINK FOR £10
2015-11-19 05:00:13.109071,TESCO,310421,"Red Wine, European, bottle",Red Wine,red wine,0.0,TESCO FINEST OLD VINES TEMPRANILLO 75CL,£5.50,5.5,(£5.50/75cl),5.5,75,cl,7.3333,l,,
2015-11-19 05:00:13.111799,TESCO,310421,"Red Wine, European, bottle",Red Wine,red wine,0.0,TESCO FINEST CHIANTI RISERVA 75CL,£6.00,6.0,(£6.00/75cl),6.0,75,cl,8.0,l,,
2015-11-19 05:00:13.113290,TESCO,310421,"Red Wine, European, bottle",Red Wine,red wine,0.0,KUMALA RESERVE MALBEC 75CL,£9.00,9.0,(£9.00/75cl),9.0,75,cl,12.0,l,,
2015-11-19 05:00:13.114705,TESCO,310421,"Red Wine, European, bottle",Red Wine,red wine,0.0,TESCO COTES DU RHONE VILLAGES 75CL,£5.00,5.0,(£5.00/75cl),5.0,75,cl,6.6667,l,,
2015-11-19 05:00:13.116184,TESCO,310421,"Red Wine, European, bottle",Red Wine,red wine,0.0,TORRES SANGREDETORO 75CL,£5.00,5.0,(£5.00/75cl),5.0,75,cl,6.6667,l,SAVE £2.00 Was £7.00 Now £5.00 - all products for this offer,SAVE £2.00 Was £7.00 Now £5.00
2015-11-19 05:00:13.117661,TESCO,310421,"Red Wine, European, bottle",Red Wine,red wine,0.0,FIRST CAPE FIRST SELECTION SHIRAZ 75CL,£5.00,5.0,(£5.00/75cl),5.0,75,cl,6.6667,l,SAVE £2.99 Was £7.99 Now £5.00 - all products for this offer,SAVE £2.99 Was £7.99 Now £5.00
2015-11-19 05:00:13.119139,TESCO,310421,"Red Wine, European, bottle",Red Wine,red wine,0.0,J P CHENET MERLOT 75CL,£6.00,6.0,(£6.00/75cl),6.0,75,cl,8.0,l,,
2015-11-19 05:00:13.120573,TESCO,310421,"Red Wine, European, bottle",Red Wine,red wine,0.0,VINEYARDS CABERNET SHIRAZ 75CL,£4.00,4.0,(£4.00/75cl),4.0,75,cl,5.3333,l,,
2015-11-19 05:00:13.125039,TESCO,310421,"Red Wine, European, bottle",Red Wine,red wine,0.0,CONO SUR BICICLETA PINOT NOIR 75CL,£5.00,5.0,(£5.00/75cl),5.0,75,cl,6.6667,l,SAVE £2.00 Was £7.00 Now £5.00 - all products for this offer,SAVE £2.00 Was £7.00 Now £5.00
2015-11-19 05:00:13.126571,TESCO,310421,"Red Wine, European, bottle",Red Wine,red wine,0.0,EL PINSAPO RIOJA CRIANZA 75CL,£5.50,5.5,(£5.50/75cl),5.5,75,cl,7.3333,l,,
2015-11-19 05:00:13.128065,TESCO,310421,"Red Wine, European, bottle",Red Wine,red wine,0.0,FIRST CAPE LIMITED RELEASE MERLOT 75CL,£5.00,5.0,(£5.00/75cl),5.0,75,cl,6.6667,l,,
2015-11-19 05:00:13.129479,TESCO,310421,"Red Wine, European, bottle",Red Wine,red wine,0.0,BAREFOOT SHIRAZ 75CL,£7.00,7.0,(£7.00/75cl),7.0,75,cl,9.3333,l,,
2015-11-19 05:00:13.130901,TESCO,310421,"Red Wine, European, bottle",Red Wine,red wine,0.5,TESCO FRENCH RED 75CL,£4.00,4.0,(£4.00/75cl),4.0,75,cl,5.3333,l,,
2015-11-19 05:00:13.132381,TESCO,310421,"Red Wine, European, bottle",Red Wine,red wine,0.0,LA FOLIE DOUCE PINOT NOIR 75CL,£5.00,5.0,(£5.00/75cl),5.0,75,cl,6.6667,l,,
2015-11-19 05:00:13.133805,TESCO,310421,"Red Wine, European, bottle",Red Wine,red wine,0.0,VINA ALBALI TEMPRANILLO 75CL,£4.50,4.5,(£4.50/75cl),4.5,75,cl,6.0,l,,
2015-11-19 05:00:13.137102,TESCO,310421,"Red Wine, European, bottle",Red Wine,red wine,0.0,VINEYARDS MALBEC 75CL,£4.50,4.5,(£4.50/75cl),4.5,75,cl,6.0,l,,
2015-11-19 05:00:13.138552,TESCO,310421,"Red Wine, European, bottle",Red Wine,red wine,0.0,TESCO FINEST NERO D'AVOLA 75CL,£6.00,6.0,(£6.00/75cl),6.0,75,cl,8.0,l,,
2015-11-19 05:00:13.140000,TESCO,310421,"Red Wine, European, bottle",Red Wine,red wine,0.0,LA PIAZZA NERO DAVOLA SANGIOVESE 75CL,£6.50,6.5,(£6.50/75cl),6.5,75,cl,8.6667,l,,
2015-11-19 05:00:13.141469,TESCO,310421,"Red Wine, European, bottle",Red Wine,red wine,0.0,OGIO PRIMITIVO 75CL,£5.50,5.5,(£5.50/75cl),5.5,75,cl,7.3333,l,,
2015-11-19 05:00:13.149082,TESCO,211901,"Tea bags, per packet of 80, 250g",Everyday Tea,80 250g,0.0,TEAPIGS EVERYDAY BREW 15S 50G,£4.15,4.15,(£8.30/100g),8.3,100,g,83.0,kg,,
2015-11-19 05:00:13.150519,TESCO,211901,"Tea bags, per packet of 80, 250g",Everyday Tea,80 250g,0.0,TWININGS THE FULL ENGLISH MESH 12 TEA BAGS 30G,£3.49,3.49,(£11.64/100g),11.64,100,g,116.4,kg,,
2015-11-19 05:00:13.152002,TESCO,211901,"Tea bags, per packet of 80, 250g",Everyday Tea,80 250g,0.0,WE ARE TEA ENGLISH BREAKFAST 37.5G,£2.99,2.99,(£7.98/100g),7.98,100,g,79.8,kg,SAVE £1.00 Was £3.99 Now £2.99 - all products for this offer,SAVE £1.00 Was £3.99 Now £2.99
2015-11-19 05:00:13.164181,TESCO,212017,Fizzy bottled drink,Fizzy Drinks,bottle,0.0,7UP REGULAR 1.5L,£0.89,0.89,(£0.06/100ml),0.06,100,ml,0.6,l,Half Price Was £1.79 Now 89p - all products for this offer,Half Price Was £1.79 Now 89p
2015-11-19 05:00:13.165710,TESCO,212017,Fizzy bottled drink,Fizzy Drinks,bottle,0.0,RUBICON MANGO 6X330ML,£3.49,3.49,(£0.18/100ml),0.18,100,ml,1.8,l,,
2015-11-19 05:00:13.167107,TESCO,212017,Fizzy bottled drink,Fizzy Drinks,bottle,0.0,TIZER 6X330ML PLUS 2 FREE (L),£2.90,2.9,(£0.11/100ml),0.11,100,ml,1.1,l,,
2015-11-19 05:00:13.168537,TESCO,212017,Fizzy bottled drink,Fizzy Drinks,bottle,0.0,OLD JAMAICA GINGER BEER LIGHT 1.5 LITRE,£1.15,1.15,(£0.06/100ml),0.06,100,ml,0.6,l,,
2015-11-19 05:00:13.169930,TESCO,212017,Fizzy bottled drink,Fizzy Drinks,bottle,0.0,ORANGINA 420ML,£1.25,1.25,(£0.30/100ml),0.3,100,ml,3.0,l,,
2015-11-19 05:00:13.171352,TESCO,212017,Fizzy bottled drink,Fizzy Drinks,bottle,0.0,ORANGINA LIGHT 420ML,£1.25,1.25,(£0.30/100ml),0.3,100,ml,3.0,l,All products available for this offer,Any 2 for £2.00
2015-11-19 05:00:13.229591,TESCO,210204,"Dry Spaghetti or pasta, 500g",Pasta & Spaghetti,500g,0.0,TESCO HEALTHY LIVING HIGH PROTEIN FUSILLI 250G,£0.85,0.85,(£3.40/kg),3.4,1.0,kg,3.4,kg,,
2015-11-19 05:00:13.231710,TESCO,210204,"Dry Spaghetti or pasta, 500g",Pasta & Spaghetti,500g,1.0,BARILLA TORTIGLIONI 500G,£1.50,1.5,(£3.00/kg),3.0,1.0,kg,3.0,kg,,
2015-11-19 05:00:13.233169,TESCO,210204,"Dry Spaghetti or pasta, 500g",Pasta & Spaghetti,500g,1.0,BARILLA TAGLIATELLE 500G,£1.65,1.65,(£3.30/kg),3.3,1.0,kg,3.3,kg,,
2015-11-19 05:00:13.234571,TESCO,210204,"Dry Spaghetti or pasta, 500g",Pasta & Spaghetti,500g,1.0,COOK ITALIAN LINGUINE 500G,£1.00,1.0,(£2.00/kg),2.0,1.0,kg,2.0,kg,SAVE 25p Was £1.25 Now £1.00 - all products for this offer,SAVE 25p Was £1.25 Now £1.00
2015-11-19 05:00:13.236136,TESCO,210204,"Dry Spaghetti or pasta, 500g",Pasta & Spaghetti,500g,0.0,COOK ITALIAN BRONZE WHOLE WHEAT PENNE PASTA 500...,£1.00,1.0,(£2.00/kg),2.0,1.0,kg,2.0,kg,SAVE 25p Was £1.25 Now £1.00 - all products for this offer,SAVE 25p Was £1.25 Now £1.00
2015-11-19 05:00:13.237623,TESCO,210204,"Dry Spaghetti or pasta, 500g",Pasta & Spaghetti,500g,1.0,TESCO FINEST FUSILLI LUNGHI PASTA 500G,£1.70,1.7,(£3.40/kg),3.4,1.0,kg,3.4,kg,,
2015-11-19 05:00:13.239026,TESCO,210204,"Dry Spaghetti or pasta, 500g",Pasta & Spaghetti,500g,1.0,COOK ITALIAN BRONZE DIE TAGLIATELLI 500G,£1.00,1.0,(£2.00/kg),2.0,1.0,kg,2.0,kg,SAVE 25p Was £1.25 Now £1.00 - all products for this offer,SAVE 25p Was £1.25 Now £1.00
2015-11-19 05:00:13.240536,TESCO,210204,"Dry Spaghetti or pasta, 500g",Pasta & Spaghetti,500g,0.0,NAPOLINA EGG FETTUCINI 250G,£1.00,1.0,(£4.00/kg),4.0,1.0,kg,4.0,kg,SAVE 40p Was £1.40 Now £1.00 - all products for this offer,SAVE 40p Was £1.40 Now £1.00
2015-11-19 05:00:13.242041,TESCO,210204,"Dry Spaghetti or pasta, 500g",Pasta & Spaghetti,500g,1.0,BARILLA WHOLE WHEAT FUSILLI 500G,£1.50,1.5,(£3.00/kg),3.0,1.0,kg,3.0,kg,,
2015-11-19 05:00:13.243458,TESCO,210204,"Dry Spaghetti or pasta, 500g",Pasta & Spaghetti,500g,1.0,TESCO FINEST GIGLI PASTA 500G,£1.70,1.7,(£3.40/kg),3.4,1.0,kg,3.4,kg,,
2015-11-19 05:00:13.244899,TESCO,210204,"Dry Spaghetti or pasta, 500g",Pasta & Spaghetti,500g,1.0,DON MARIO PASTA TWISTS 500G,£0.50,0.5,(£0.10/100g),0.1,100,g,1.0,kg,,
2015-11-19 05:00:13.246292,TESCO,210204,"Dry Spaghetti or pasta, 500g",Pasta & Spaghetti,500g,1.0,BARILLA WHOLE WHEAT PIPE RIGATE 500G,£1.50,1.5,(£3.00/kg),3.0,1.0,kg,3.0,kg,,
2015-11-19 05:00:13.247738,TESCO,210204,"Dry Spaghetti or pasta, 500g",Pasta & Spaghetti,500g,0.0,COOK ITALIAN BRONZE WHOLE WHEAT FUSILLI PASTA 5...,£1.00,1.0,(£2.00/kg),2.0,1.0,kg,2.0,kg,SAVE 25p Was £1.25 Now £1.00 - all products for this offer,SAVE 25p Was £1.25 Now £1.00
2015-11-19 05:00:13.249233,TESCO,210204,"Dry Spaghetti or pasta, 500g",Pasta & Spaghetti,500g,0.0,TESCO ORGANIC WHOLE WHEAT SPELT FUSILLI 250G,£0.75,0.75,(£3.00/kg),3.0,1.0,kg,3.0,kg,,
2015-11-19 05:00:13.250625,TESCO,210204,"Dry Spaghetti or pasta, 500g",Pasta & Spaghetti,500g,1.0,TESCO FINEST PASTA CONCHIGLIONI RIGATE 500G,£1.70,1.7,(£3.40/kg),3.4,1.0,kg,3.4,kg,,
2015-11-19 05:00:13.252138,TESCO,210204,"Dry Spaghetti or pasta, 500g",Pasta & Spaghetti,500g,0.0,BARILLA TORTELLINI GRANDI RICOTTA AND SPINACH 2...,£2.60,2.6,(£11.56/kg),11.56,1.0,kg,11.56,kg,,
2015-11-19 05:00:13.253548,TESCO,210204,"Dry Spaghetti or pasta, 500g",Pasta & Spaghetti,500g,1.0,GNOCCHI DI PATATE 500G,£2.30,2.3,(£4.60/kg),4.6,1.0,kg,4.6,kg,,
2015-11-19 05:00:13.254946,TESCO,210204,"Dry Spaghetti or pasta, 500g",Pasta & Spaghetti,500g,0.0,TESCO FINEST EGG LASAGNE PASTA 250G,£1.70,1.7,(£6.80/kg),6.8,1.0,kg,6.8,kg,,
2015-11-19 05:00:13.256383,TESCO,210204,"Dry Spaghetti or pasta, 500g",Pasta & Spaghetti,500g,0.0,SEEDS OF CHANGE ORGANIC SEMI WHOLE WHEAT TORTIG...,£2.30,2.3,(£4.60/kg),4.6,1.0,kg,4.6,kg,,
2015-11-19 05:00:13.257780,TESCO,210204,"Dry Spaghetti or pasta, 500g",Pasta & Spaghetti,500g,1.0,DE CECCO TORTIGLIONI 500G,£1.55,1.55,(£3.10/kg),3.1,1.0,kg,3.1,kg,,
2015-11-19 05:00:13.321441,TESCO,310401,"Whisky, bottle",Whisky,whisky,1.0,LOCHLAN BLENDED SCOTCH WHISKY 70CL,£15.00,15.0,(£21.43/l),21.43,1.0,l,21.43,l,,
2015-11-19 05:00:13.322899,TESCO,310401,"Whisky, bottle",Whisky,whisky,0.0,GLENFIDDICH RICH OAK 70CL,£30.00,30.0,(£42.86/l),42.86,1.0,l,42.86,l,SAVE £5.50 Was £35.50 Now £30.00 - all products for this offer,SAVE £5.50 Was £35.50 Now £30.00
2015-11-19 05:00:13.324424,TESCO,310401,"Whisky, bottle",Whisky,whisky,0.0,JOHNNIE WALKER GOLD LABEL RESERVE 70CL,£30.00,30.0,(£42.86/l),42.86,1.0,l,42.86,l,SAVE £9.50 Was £39.50 Now £30.00 - all products for this offer,SAVE £9.50 Was £39.50 Now £30.00
2015-11-19 05:00:13.325888,TESCO,310401,"Whisky, bottle",Whisky,whisky,1.0,WILLIAM GRANTS SCOTCH WHISKY 35CL,£9.50,9.5,(£27.15/l),27.15,1.0,l,27.15,l,,
2015-11-19 05:00:13.327272,TESCO,310401,"Whisky, bottle",Whisky,whisky,0.0,WOODFORD RESERVE GIFT PACK 70CL,£23.00,23.0,(£32.86/l),32.86,1.0,l,32.86,l,SAVE £7.00 Was £30.00 Now £23.00 - all products for this offer,SAVE £7.00 Was £30.00 Now £23.00
2015-11-19 05:00:13.328773,TESCO,310401,"Whisky, bottle",Whisky,whisky,1.0,OBAN MALT WHISKY 70CL,£48.00,48.0,(£68.58/l),68.58,1.0,l,68.58,l,,
2015-11-19 05:00:13.330187,TESCO,310401,"Whisky, bottle",Whisky,whisky,0.0,JIM BEAM APPLE 70CL,£15.00,15.0,(£21.43/l),21.43,1.0,l,21.43,l,SAVE £4.00 Was £19.00 Now £15.00 - all products for this offer,SAVE £4.00 Was £19.00 Now £15.00
2015-11-19 05:00:13.331698,TESCO,310401,"Whisky, bottle",Whisky,whisky,0.0,TALISKER THE DISTILLERS EDITION 70CL,£52.00,52.0,(£74.29/l),74.29,1.0,l,74.29,l,,
2015-11-19 05:00:13.333724,TESCO,310401,"Whisky, bottle",Whisky,whisky,0.0,KNOB CREEK 9 YEAR OLD BOURBON 70CL,£32.66,32.66,(£46.66/l),46.66,1.0,l,46.66,l,,
2015-11-19 05:00:13.335139,TESCO,310401,"Whisky, bottle",Whisky,whisky,0.0,TALISKER SKYE SINGLE MALT SCOTCH WHISKEY 70CL,£27.00,27.0,(£38.58/l),38.58,1.0,l,38.58,l,SAVE £12.00 Was £39.00 Now £27.00 - all products for this offer,SAVE £12.00 Was £39.00 Now £27.00
2015-11-19 05:00:13.336680,TESCO,310401,"Whisky, bottle",Whisky,whisky,0.0,GLENFIDDICH DISTILLERY EDITION 70CL,£50.00,50.0,(£71.43/l),71.43,1.0,l,71.43,l,,
2015-11-19 05:00:13.338104,TESCO,310401,"Whisky, bottle",Whisky,whisky,0.0,LAGAVULIN DISTILLERS EDITION 70CL (L),£70.00,70.0,(£100.00/l),100.0,1.0,l,100.0,l,,
2015-11-19 05:00:13.339547,TESCO,310401,"Whisky, bottle",Whisky,whisky,0.0,GLENFIDDICH 18YO MALT 70CL,£67.00,67.0,(£95.72/l),95.72,1.0,l,95.72,l,,
2015-11-19 05:00:13.341001,TESCO,310401,"Whisky, bottle",Whisky,whisky,0.0,FETTERCAIRN FASQUE 70CL,£38.00,38.0,(£54.29/l),54.29,1.0,l,54.29,l,,
2015-11-19 05:00:13.342412,TESCO,310401,"Whisky, bottle",Whisky,whisky,0.0,ENGLISH MALT WHISKEY PEATED 70CL (L),£35.00,35.0,(£50.00/l),50.0,1.0,l,50.0,l,,
2015-11-19 05:00:13.344158,TESCO,310401,"Whisky, bottle",Whisky,whisky,1.0,JOHNNIE WALKER BLACK BLENDED WHISKY 35CL,£15.40,15.4,(£44.00/l),44.0,1.0,l,44.0,l,,
2015-11-19 05:00:13.355467,TESCO,210302,Plain Biscuits (eg. Digestive),Everyday Biscuits,digestives,0.0,TESCO HIPPO PURPLE CHALK BOARD TIN 125G,£2.50,2.5,(£2.00/100g),2.0,100,g,20.0,kg,Half Price Was £5.00 Now £2.50 - all products for this offer,Half Price Was £5.00 Now £2.50
2015-11-19 05:00:13.423637,TESCO,310419,"White Wine, European, bottle",White Wine,white wine,0.0,EISBERG ALCOHOL FREE CHARDONNAY 75CL,£3.50,3.5,(£3.50/75cl),3.5,75,cl,4.6667,l,,
2015-11-19 05:00:13.425102,TESCO,310419,"White Wine, European, bottle",White Wine,white wine,0.0,TESCO COTES DE GASCOGNE BLANC 75CL,£4.50,4.5,(£4.50/75cl),4.5,75,cl,6.0,l,,
2015-11-19 05:00:13.426513,TESCO,310419,"White Wine, European, bottle",White Wine,white wine,0.0,WOLF BLASS EAGLEHAWK CHARDONNAY 75CL,£6.00,6.0,(£6.00/75cl),6.0,75,cl,8.0,l,,
2015-11-19 05:00:13.428597,TESCO,310419,"White Wine, European, bottle",White Wine,white wine,0.0,CONO SUR BICICLETA VIOGNIER 75CL,£7.00,7.0,(£7.00/75cl),7.0,75,cl,9.3333,l,,
2015-11-19 05:00:13.430029,TESCO,310419,"White Wine, European, bottle",White Wine,white wine,0.0,CASILLERO DEL DIABLO SAUVIGNON BLANC 75CL,£6.00,6.0,(£6.00/75cl),6.0,75,cl,8.0,l,SAVE £2.00 Was £8.00 Now £6.00 - all products for this offer,SAVE £2.00 Was £8.00 Now £6.00
2015-11-19 05:00:13.431500,TESCO,310419,"White Wine, European, bottle",White Wine,white wine,0.0,TESCO FINEST FIANO 75CL,£5.50,5.5,(£5.50/75cl),5.5,75,cl,7.3333,l,,
2015-11-19 05:00:13.432974,TESCO,310419,"White Wine, European, bottle",White Wine,white wine,0.0,KUMALA COLOMB CHARDONNAY 75CL,£5.00,5.0,(£5.00/75cl),5.0,75,cl,6.6667,l,SAVE £2.00 Was £7.00 Now £5.00 - all products for this offer,SAVE £2.00 Was £7.00 Now £5.00
2015-11-19 05:00:13.434462,TESCO,310419,"White Wine, European, bottle",White Wine,white wine,0.0,TESCO FINEST ALBARINO 75CL,£7.00,7.0,(£7.00/75cl),7.0,75,cl,9.3333,l,,
2015-11-19 05:00:13.435900,TESCO,310419,"White Wine, European, bottle",White Wine,white wine,0.0,GALLO FAMILY VINEYARDS SUMMER WHITE75CL,£5.50,5.5,(£5.50/75cl),5.5,75,cl,7.3333,l,,
2015-11-19 05:00:13.437342,TESCO,310419,"White Wine, European, bottle",White Wine,white wine,0.5,TESCO FRENCH WHITE 75CL,£4.00,4.0,(£4.00/75cl),4.0,75,cl,5.3333,l,,
2015-11-19 05:00:13.439437,TESCO,310419,"White Wine, European, bottle",White Wine,white wine,0.0,JP CHENET SAUVIGNON BLANC 75CL,£5.00,5.0,(£5.00/75cl),5.0,75,cl,6.6667,l,All products available for this offer,Only £5.00
2015-11-19 05:00:13.441058,TESCO,310419,"White Wine, European, bottle",White Wine,white wine,0.0,CHARLES RENOIR CHABLIS 75CL,£12.00,12.0,(£12.00/75cl),12.0,75,cl,16.0,l,,
2015-11-19 05:00:13.442482,TESCO,310419,"White Wine, European, bottle",White Wine,white wine,0.0,FAIRHILLS CAPE ORIGIN CHENIN GRENACHE 75CL,£6.00,6.0,(£6.00/75cl),6.0,75,cl,8.0,l,,
2015-11-19 05:00:13.443922,TESCO,310419,"White Wine, European, bottle",White Wine,white wine,0.5,GRAN FAMILIA LAS PRIMAS WHITE 75CL,£4.50,4.5,(£4.50/75cl),4.5,75,cl,6.0,l,,
2015-11-19 05:00:13.445372,TESCO,310419,"White Wine, European, bottle",White Wine,white wine,0.0,VINEYARDS CHILE CHARDONNAY 75CL,£4.00,4.0,(£4.00/75cl),4.0,75,cl,5.3333,l,,
2015-11-19 05:00:13.446767,TESCO,310419,"White Wine, European, bottle",White Wine,white wine,0.0,BAREFOOT MOSCATO 75CL,£7.00,7.0,(£7.00/75cl),7.0,75,cl,9.3333,l,,
2015-11-19 05:00:13.448233,TESCO,310419,"White Wine, European, bottle",White Wine,white wine,0.0,LATERAL PINOT GRIGIO 75CL,£4.50,4.5,(£4.50/75cl),4.5,75,cl,6.0,l,,
2015-11-19 05:00:13.449770,TESCO,310419,"White Wine, European, bottle",White Wine,white wine,0.0,TESCO FINEST TAPIWEY VINEYARD SAUVIGNON 75CL,£6.00,6.0,(£6.00/75cl),6.0,75,cl,8.0,l,,
2015-11-19 05:00:13.451217,TESCO,310419,"White Wine, European, bottle",White Wine,white wine,0.5,ECHO FRUIT WHITE PEACH AND MANGO 75CL,£4.25,4.25,(£4.25/75cl),4.25,75,cl,5.6667,l,,
2015-11-19 05:00:13.465149,TESCO,211807,Yoghurt/Fromage Frais ,Natural & Greek Yoghurt,fromage frais,0.0,LIBERTE BLEND MUSELI SUMMER FRUITS YOGHURT 140G,£1.00,1.0,(£0.71/100g),0.71,100,g,7.1,kg,All products available for this offer,Any 4 for £3.00
2015-11-19 05:00:13.466671,TESCO,211807,Yoghurt/Fromage Frais ,Natural & Greek Yoghurt,fromage frais,0.0,TESCO FINEST GREEK YOGHURT 0% FAT 170G,£0.80,0.8,(£0.47/100g),0.47,100,g,4.7,kg,,
2015-11-19 05:00:13.468186,TESCO,211807,Yoghurt/Fromage Frais ,Natural & Greek Yoghurt,fromage frais,0.0,YEO VALLEY 0% GREEK STYLE YOGHURT WITH LEMON 45...,£1.80,1.8,(£0.40/100g),0.4,100,g,4.0,kg,All products available for this offer,Any 2 for £3.00
2015-11-19 05:00:13.469700,TESCO,211807,Yoghurt/Fromage Frais ,Natural & Greek Yoghurt,fromage frais,0.0,TESCO LOW FAT GREEK STYLE RED FRUIT YOGHURT 4 X...,£1.25,1.25,(£0.31/100g),0.31,100,g,3.1,kg,,
2015-11-19 05:00:13.471152,TESCO,211807,Yoghurt/Fromage Frais ,Natural & Greek Yoghurt,fromage frais,0.0,YEO VALLEY 0% GREEK STYLE YOGHURT WITH S/BERRY4...,£1.80,1.8,(£0.40/100g),0.4,100,g,4.0,kg,All products available for this offer,Any 2 for £3.00
2015-11-19 05:00:13.472706,TESCO,211807,Yoghurt/Fromage Frais ,Natural & Greek Yoghurt,fromage frais,0.0,LIBERTE BLEND BERRY AND SEEDS YOGHURT 140G,£1.00,1.0,(£0.71/100g),0.71,100,g,7.1,kg,All products available for this offer,Any 4 for £3.00
2015-11-19 05:00:13.474195,TESCO,211807,Yoghurt/Fromage Frais ,Natural & Greek Yoghurt,fromage frais,0.0,THE COLLECTIVE STRAIGHT UP YOGHURT 500G,£1.80,1.8,(£0.36/100g),0.36,100,g,3.6,kg,,
2015-11-19 05:00:13.475650,TESCO,211807,Yoghurt/Fromage Frais ,Natural & Greek Yoghurt,fromage frais,0.0,LIBERTE BLEND FRUITS AND SEEDS YOGHURT 140G,£1.00,1.0,(£0.71/100g),0.71,100,g,7.1,kg,All products available for this offer,Any 4 for £3.00
2015-11-19 05:00:13.477173,TESCO,211807,Yoghurt/Fromage Frais ,Natural & Greek Yoghurt,fromage frais,0.0,TESCO FINEST GREEK YOGHURT 2% FAT 170G,£0.80,0.8,(£0.47/100g),0.47,100,g,4.7,kg,,
2015-11-19 05:00:13.478582,TESCO,211807,Yoghurt/Fromage Frais ,Natural & Greek Yoghurt,fromage frais,0.0,TESCO 0% FRUIT AND VEGETABLE GREEK STYLE YOGHUR...,£1.25,1.25,(£0.31/100g),0.31,100,g,3.1,kg,,
2015-11-19 05:00:13.480019,TESCO,211807,Yoghurt/Fromage Frais ,Natural & Greek Yoghurt,fromage frais,0.0,LIBERTE GREEK BLUEBERRY YOGHURT 140G,£1.00,1.0,(£0.71/100g),0.71,100,g,7.1,kg,All products available for this offer,Any 4 for £3.00
2015-11-19 05:00:13.481561,TESCO,211807,Yoghurt/Fromage Frais ,Natural & Greek Yoghurt,fromage frais,0.0,LIBERTE GREEK STRAWBERRY YOGHURT 140G,£1.00,1.0,(£0.71/100g),0.71,100,g,7.1,kg,All products available for this offer,Any 4 for £3.00
2015-11-19 05:00:13.568287,TESCO,211709,"Shop Milk, whole milk",Fresh Milk,whole,0.0,ALPRO LONGLIFE CHOCOLATE SHAKE 3X250ML,£1.30,1.3,(£1.74/l),1.74,1.0,l,1.74,l,,
2015-11-19 05:00:13.569741,TESCO,211709,"Shop Milk, whole milk",Fresh Milk,whole,0.0,TESCO ORGANIC BRITISH SEMI SKIMMED MILK 568ML/1...,£0.58,0.58,(£1.03/l),1.03,1.0,l,1.03,l,,
2015-11-19 05:00:13.571162,TESCO,211709,"Shop Milk, whole milk",Fresh Milk,whole,1.0,TESCO ORGANIC BRITISH WHOLE MILK 1.136L/2PINTS,£1.10,1.1,(£0.97/l),0.97,1.0,l,0.97,l,,
2015-11-19 05:00:13.573496,TESCO,211709,"Shop Milk, whole milk",Fresh Milk,whole,0.0,LACTOFREE SEMI SKIMMED LONGLIFE 1L,£1.30,1.3,(£1.30/l),1.3,1.0,l,1.3,l,,
2015-11-19 05:00:13.574938,TESCO,211709,"Shop Milk, whole milk",Fresh Milk,whole,0.0,ALPRO LONGLIFE SOYA CREAM ALTERNATIVE 250 ML,£0.85,0.85,(£0.34/100ml),0.34,100,ml,3.4,l,,
2015-11-19 05:00:13.576412,TESCO,211709,"Shop Milk, whole milk",Fresh Milk,whole,1.0,YEO VALLEY ORGANIC WHOLE MILK 2L,£1.90,1.9,(£0.95/l),0.95,1.0,l,0.95,l,,
2015-11-19 05:00:13.577822,TESCO,211709,"Shop Milk, whole milk",Fresh Milk,whole,0.0,YAZOO CHILLED STRAWBERRY FLAVOURED MILKSHAKE 40...,£1.00,1.0,(£0.25/100ml),0.25,100,ml,2.5,l,,
2015-11-19 05:00:13.579252,TESCO,211709,"Shop Milk, whole milk",Fresh Milk,whole,1.0,TESCO WHOLE LONGLIFE MILK 500ML,£0.54,0.54,(£1.08/l),1.08,1.0,l,1.08,l,,
2015-11-19 05:00:13.580689,TESCO,211709,"Shop Milk, whole milk",Fresh Milk,whole,1.0,TESCO PURE BRITISH WHOLE MILK 1L,£0.95,0.95,(£0.95/l),0.95,1.0,l,0.95,l,,
2015-11-19 05:00:13.582091,TESCO,211709,"Shop Milk, whole milk",Fresh Milk,whole,0.0,TESCO EVERYDAY VALUE LONGLIFE SWEETENED SOYA MI...,£0.59,0.59,(£0.06/100ml),0.06,100,ml,0.6,l,,
2015-11-19 05:00:13.587658,TESCO,211709,"Shop Milk, whole milk",Fresh Milk,whole,0.0,ALPRO ALMOND LONGLIFE MILK ALTERNATIVE 1L,£1.70,1.7,(£1.70/l),1.7,1.0,l,1.7,l,,
2015-11-19 05:00:13.589158,TESCO,211709,"Shop Milk, whole milk",Fresh Milk,whole,0.0,ARLA BIG MILK 2LTR,£2.25,2.25,(£1.13/l),1.13,1.0,l,1.13,l,,
2015-11-19 05:00:13.590573,TESCO,211709,"Shop Milk, whole milk",Fresh Milk,whole,0.0,OATLY ORGANIC LONGLIFE MILK ALTERNATIVE 1L,£1.40,1.4,(£1.40/l),1.4,1.0,l,1.4,l,,
2015-11-19 05:00:13.591993,TESCO,211709,"Shop Milk, whole milk",Fresh Milk,whole,0.0,YAZOO STRAWBERRY MILKSHAKE 4X200ML,£1.60,1.6,(£0.20/100ml),0.2,100,ml,2.0,l,,
2015-11-19 05:00:13.593407,TESCO,211709,"Shop Milk, whole milk",Fresh Milk,whole,0.0,ALPRO LONGLIFE UNSWEETENED SOYA MILK ALTERNATIV...,£1.30,1.3,(£1.30/l),1.3,1.0,l,1.3,l,,
2015-11-19 05:00:13.594807,TESCO,211709,"Shop Milk, whole milk",Fresh Milk,whole,1.0,TESCO ORGANIC BRITISH WHOLE MILK 568ML/1 PINT,£0.58,0.58,(£1.03/l),1.03,1.0,l,1.03,l,,
2015-11-19 05:00:13.596288,TESCO,211709,"Shop Milk, whole milk",Fresh Milk,whole,0.0,TESCO CHOCOLATE FUDGE BROWNIE FLAVOURED MILK 1L...,£1.20,1.2,(£0.12/100ml),0.12,100,ml,1.2,l,All products available for this offer,Any 2 for £2.00
2015-11-19 05:00:13.602116,TESCO,211709,"Shop Milk, whole milk",Fresh Milk,whole,0.0,TESCO STRAWBERRY MILKSHAKE MIX 300G,£1.49,1.49,(£0.50/100g),0.5,100,g,5.0,kg,,
2015-11-19 05:00:13.603556,TESCO,211709,"Shop Milk, whole milk",Fresh Milk,whole,0.0,ALPRO LONGLIFE LIGHT SOYA MILK ALTERNATIVE 1 LI...,£1.30,1.3,(£1.30/l),1.3,1.0,l,1.3,l,,
2015-11-19 05:00:13.604986,TESCO,211709,"Shop Milk, whole milk",Fresh Milk,whole,0.0,TESCO CHOCOLATE MILKSHAKE MIX 300G,£1.49,1.49,(£0.50/100g),0.5,100,g,5.0,kg,,
2015-11-19 05:00:13.616812,TESCO,310207,"Bitter, 4 cans, 3.4%-7.5% ABV",Beer - Ale & Bitter,bitter,0.0,CAFFREYS 4X440ML CANS,£3.75,3.75,(£2.14/l),2.14,1.0,l,2.14,l,,
2015-11-19 05:00:13.618266,TESCO,310207,"Bitter, 4 cans, 3.4%-7.5% ABV",Beer - Ale & Bitter,bitter,0.0,BREWDOG PUNK IPA 660ML,£2.49,2.49,(£3.78/l),3.78,1.0,l,3.78,l,,
2015-11-19 05:00:13.622146,TESCO,310207,"Bitter, 4 cans, 3.4%-7.5% ABV",Beer - Ale & Bitter,bitter,0.0,BADGER SEASONAL 6X500ML,£8.00,8.0,(£2.67/l),2.67,1.0,l,2.67,l,,
2015-11-19 05:00:13.623630,TESCO,310207,"Bitter, 4 cans, 3.4%-7.5% ABV",Beer - Ale & Bitter,bitter,0.0,BADGER SEASONAL ALE 500ML,£1.79,1.79,(£3.58/l),3.58,1.0,l,3.58,l,All products available for this offer,Any 4 for £6.00
2015-11-19 05:00:13.625179,TESCO,310207,"Bitter, 4 cans, 3.4%-7.5% ABV",Beer - Ale & Bitter,bitter,0.0,TESCO REVISIONIST DARK IPA 500ML,£1.79,1.79,(£3.58/l),3.58,1.0,l,3.58,l,All products available for this offer,Any 4 for £6.00
2015-11-19 05:00:13.626684,TESCO,310207,"Bitter, 4 cans, 3.4%-7.5% ABV",Beer - Ale & Bitter,bitter,0.0,BASS TRADITIONAL DRAUGHT ALE 4X500ML CANS,£4.50,4.5,(£2.25/l),2.25,1.0,l,2.25,l,All products available for this offer,Any 2 for £8.00
2015-11-19 05:00:13.628239,TESCO,310207,"Bitter, 4 cans, 3.4%-7.5% ABV",Beer - Ale & Bitter,bitter,0.0,BADGER FIRKIN FOX 500ML,£1.79,1.79,(£3.58/l),3.58,1.0,l,3.58,l,All products available for this offer,Any 4 for £6.00
2015-11-19 05:00:13.629755,TESCO,310207,"Bitter, 4 cans, 3.4%-7.5% ABV",Beer - Ale & Bitter,bitter,1.0,ADNAMS THE BITTER 500ML,£1.79,1.79,(£3.58/l),3.58,1.0,l,3.58,l,All products available for this offer,Any 4 for £6.00
2015-11-19 05:00:13.631272,TESCO,310207,"Bitter, 4 cans, 3.4%-7.5% ABV",Beer - Ale & Bitter,bitter,0.0,SHIPYARD AMERICAN IPA 500ML,£1.79,1.79,(£3.58/l),3.58,1.0,l,3.58,l,All products available for this offer,Any 4 for £6.00
2015-11-19 05:00:13.636733,TESCO,211305,"Spreadable butter, 500g, 40-70% butter content","Butter, Spreads & Margarine",spreadable butter 500g,0.0,WILLOW ORIGINAL SPREAD 250G,£0.85,0.85,(£3.40/kg),3.4,1.0,kg,3.4,kg,,
2015-11-19 05:00:13.638192,TESCO,211305,"Spreadable butter, 500g, 40-70% butter content","Butter, Spreads & Margarine",spreadable butter 500g,0.33,BENECOL OLIVE OIL SPREAD 500G,£3.49,3.49,(£6.98/kg),6.98,1.0,kg,6.98,kg,All products available for this offer,Any 2 for £5.00
2015-11-19 05:00:13.639730,TESCO,211305,"Spreadable butter, 500g, 40-70% butter content","Butter, Spreads & Margarine",spreadable butter 500g,0.33,KERRYGOLD ORIGINAL SPREADABLE 400G,£2.50,2.5,(£6.25/kg),6.25,1.0,kg,6.25,kg,,
2015-11-19 05:00:13.641227,TESCO,211305,"Spreadable butter, 500g, 40-70% butter content","Butter, Spreads & Margarine",spreadable butter 500g,0.33,TESCO ROAST GARLIC AND HERB BUTTER 100G,£0.79,0.79,(£7.90/kg),7.9,1.0,kg,7.9,kg,,
2015-11-19 05:00:13.642669,TESCO,211305,"Spreadable butter, 500g, 40-70% butter content","Butter, Spreads & Margarine",spreadable butter 500g,0.33,TESCO THREE PEPPERCORN BUTTER 100G,£0.79,0.79,(£7.90/kg),7.9,1.0,kg,7.9,kg,,
2015-11-19 05:00:13.647586,TESCO,310207,"Bitter, 4 cans, 3.4%-7.5% ABV",Beer - Ale & Bitter,bitter,0.0,COURAGE DIRECTORS ALE 500ML,£1.79,1.79,(£3.58/l),3.58,1.0,l,3.58,l,All products available for this offer,Any 4 for £6.00
2015-11-19 05:00:13.649129,TESCO,310207,"Bitter, 4 cans, 3.4%-7.5% ABV",Beer - Ale & Bitter,bitter,0.0,FULLERS ORGANIC HONEYDEW 500ML,£1.79,1.79,(£3.58/l),3.58,1.0,l,3.58,l,All products available for this offer,Any 4 for £6.00
2015-11-19 05:00:13.650619,TESCO,310207,"Bitter, 4 cans, 3.4%-7.5% ABV",Beer - Ale & Bitter,bitter,0.0,TETLEYS SMOOTHFLOW 4X440ML CANS,£3.75,3.75,(£2.14/l),2.14,1.0,l,2.14,l,,
2015-11-19 05:00:13.652072,TESCO,310207,"Bitter, 4 cans, 3.4%-7.5% ABV",Beer - Ale & Bitter,bitter,0.0,MCEWANS EXPORT 12X440ML,£10.00,10.0,(£1.90/l),1.9,1.0,l,1.9,l,,
2015-11-19 05:00:13.653505,TESCO,310207,"Bitter, 4 cans, 3.4%-7.5% ABV",Beer - Ale & Bitter,bitter,0.0,ANCHOR STEAM BEER 355ML,£1.79,1.79,(£5.05/l),5.05,1.0,l,5.05,l,All products available for this offer,Any 4 for £6.00
2015-11-19 05:00:13.654984,TESCO,310207,"Bitter, 4 cans, 3.4%-7.5% ABV",Beer - Ale & Bitter,bitter,0.0,GINGER GROUSE ALCOHOLIC GINGER BEER 500ML,£1.79,1.79,(£3.58/l),3.58,1.0,l,3.58,l,All products available for this offer,Any 3 for £5.00
2015-11-19 05:00:13.656585,TESCO,310207,"Bitter, 4 cans, 3.4%-7.5% ABV",Beer - Ale & Bitter,bitter,0.0,GREENE KING IPA GOLD 500ML,£1.79,1.79,(£3.58/l),3.58,1.0,l,3.58,l,All products available for this offer,Any 4 for £6.00
2015-11-19 05:00:13.658095,TESCO,211305,"Spreadable butter, 500g, 40-70% butter content","Butter, Spreads & Margarine",spreadable butter 500g,0.33,TESCO RED CHILLI AND LEMON BUTTER 100G,£0.79,0.79,(£7.90/kg),7.9,1.0,kg,7.9,kg,,
2015-11-19 05:00:13.659574,TESCO,211305,"Spreadable butter, 500g, 40-70% butter content","Butter, Spreads & Margarine",spreadable butter 500g,0.0,TESCO CHOCOLATE CHIP AND MAPLE SYRUP BUTTER100G,£0.79,0.79,(£7.90/kg),7.9,1.0,kg,7.9,kg,,
2015-11-19 05:00:13.664859,TESCO,310207,"Bitter, 4 cans, 3.4%-7.5% ABV",Beer - Ale & Bitter,bitter,0.0,INNIS AND GUNN RUM CASK BEER 330ML,£1.79,1.79,(£5.43/l),5.43,1.0,l,5.43,l,All products available for this offer,Any 4 for £6.00
2015-11-19 05:00:13.666385,TESCO,310207,"Bitter, 4 cans, 3.4%-7.5% ABV",Beer - Ale & Bitter,bitter,0.0,CRABBIES STRAWBERRY AND LIME 500ML,£1.79,1.79,(£3.58/l),3.58,1.0,l,3.58,l,All products available for this offer,Any 4 for £6.00
2015-11-19 05:00:13.667924,TESCO,310207,"Bitter, 4 cans, 3.4%-7.5% ABV",Beer - Ale & Bitter,bitter,0.0,WYCHWOOD BEERS OF CHARACTER 6X500ML,£8.00,8.0,(£2.67/l),2.67,1.0,l,2.67,l,,
2015-11-19 05:00:13.669376,TESCO,310207,"Bitter, 4 cans, 3.4%-7.5% ABV",Beer - Ale & Bitter,bitter,0.0,INNIS AND GUNN SEASONAL BEER 330ML,£1.99,1.99,(£6.04/l),6.04,1.0,l,6.04,l,All products available for this offer,Any 4 for £6.00
2015-11-19 05:00:13.681168,TESCO,211807,Yoghurt/Fromage Frais ,Multipack Yoghurts,fromage frais,0.0,DISNEY FROZEN STRAWBERRY AND MIXED BERRY YOGHUR...,£1.60,1.6,(£0.32/100g),0.32,100,g,3.2,kg,All products available for this offer,Any 2 for £3.00
2015-11-19 05:00:13.682685,TESCO,211807,Yoghurt/Fromage Frais ,Multipack Yoghurts,fromage frais,0.0,ACTIVIA INTENSELY CREAMY BLUEBERRY 4X110G,£2.40,2.4,(£0.55/100g),0.55,100,g,5.5,kg,All products available for this offer,Any 2 for £4.00
2015-11-19 05:00:13.684814,TESCO,211807,Yoghurt/Fromage Frais ,Multipack Yoghurts,fromage frais,0.0,MULLER LIGHT GOODIES TOFFEE MILK CHOCOLATE 4 PA...,£1.34,1.34,(£0.34/each),0.34,1.0,each,0.34,each,Half Price Was £2.69 Now £1.34 - all products for this offer,Half Price Was £2.69 Now £1.34
2015-11-19 05:00:13.686384,TESCO,211807,Yoghurt/Fromage Frais ,Multipack Yoghurts,fromage frais,0.0,NESTLE SMARTIES SPLIT POT YOGURTS 4X120G,£1.75,1.75,(£0.37/100g),0.37,100,g,3.7,kg,,
2015-11-19 05:00:13.687811,TESCO,211807,Yoghurt/Fromage Frais ,Multipack Yoghurts,fromage frais,0.0,MULLER CORNER VARIETY EDTION YOGHURT 6X 135G,£3.89,3.89,(£0.48/100g),0.48,100,g,4.8,kg,All products available for this offer,Any 2 for £5.00
2015-11-19 05:00:13.689350,TESCO,211807,Yoghurt/Fromage Frais ,Multipack Yoghurts,fromage frais,0.0,WEIGHT WATCHERS CITRUS FRUIT YOGHURT 4X120G,£1.00,1.0,(£0.21/100g),0.21,100,g,2.1,kg,,
2015-11-19 05:00:13.690758,TESCO,211807,Yoghurt/Fromage Frais ,Multipack Yoghurts,fromage frais,0.0,OYKOS STRAWBERRY GREEK STYLE YOGHURT 4X110G,£2.00,2.0,(£0.46/100g),0.46,100,g,4.6,kg,,
2015-11-19 05:00:13.692248,TESCO,211807,Yoghurt/Fromage Frais ,Multipack Yoghurts,fromage frais,0.0,ACTIVIA INTENSELY CREAMY LEMON YOGHURT 4X110G,£2.40,2.4,(£0.55/100g),0.55,100,g,5.5,kg,All products available for this offer,Any 2 for £4.00
2015-11-19 05:00:13.693885,TESCO,211807,Yoghurt/Fromage Frais ,Multipack Yoghurts,fromage frais,0.0,LIBERTE HONEY YOGHURT 4X100G,£2.20,2.2,(£0.55/100g),0.55,100,g,5.5,kg,All products available for this offer,Any 2 for £3.00
2015-11-19 05:00:13.695402,TESCO,211807,Yoghurt/Fromage Frais ,Multipack Yoghurts,fromage frais,0.0,ACTIVIA 0% FAT YELLOW FRUIT YOGHURT 8X125G,£2.90,2.9,(£0.29/100g),0.29,100,g,2.9,kg,,
2015-11-19 05:00:13.696871,TESCO,211807,Yoghurt/Fromage Frais ,Multipack Yoghurts,fromage frais,1.0,MUNCH BUNCH FRUIT VARIETY FROMAGE FRAIS 6X42G,£1.60,1.6,(£0.64/100g),0.64,100,g,6.4,kg,All products available for this offer,Any 2 for £2.00
2015-11-19 05:00:13.698354,TESCO,211807,Yoghurt/Fromage Frais ,Multipack Yoghurts,fromage frais,0.0,MULLER LIGHT FRUITOPOLIS YELLOW FRUIT 4X130G,£2.49,2.49,(£0.48/100g),0.48,100,g,4.8,kg,All products available for this offer,Any 2 for £4.00
2015-11-19 05:00:13.699851,TESCO,211807,Yoghurt/Fromage Frais ,Multipack Yoghurts,fromage frais,0.0,MULLER LIGHT GREEK RASPBERRY YOGHURT 4X120G,£2.49,2.49,(£0.52/100g),0.52,100,g,5.2,kg,All products available for this offer,Any 2 for £4.00
2015-11-19 05:00:13.701358,TESCO,211807,Yoghurt/Fromage Frais ,Multipack Yoghurts,fromage frais,0.0,DISNEY STAR WARS STRAWBERRY AND MIXED BERRY YOG...,£1.60,1.6,(£0.32/100g),0.32,100,g,3.2,kg,All products available for this offer,Any 2 for £3.00
2015-11-19 05:00:13.702842,TESCO,211807,Yoghurt/Fromage Frais ,Multipack Yoghurts,fromage frais,0.0,MULLER CORNER PUD. CHOC/CHOCO BALLS 3X4X85G,£2.50,2.5,(£0.74/100g),0.74,100,g,7.4,kg,All products available for this offer,Any 2 for £4.00
2015-11-19 05:00:13.704403,TESCO,211807,Yoghurt/Fromage Frais ,Multipack Yoghurts,fromage frais,0.0,IRISH DIET FAT FREE FRUIT YOGHURT 4X125G,£1.50,1.5,(£0.30/100g),0.3,100,g,3.0,kg,,
2015-11-19 05:00:13.705843,TESCO,211807,Yoghurt/Fromage Frais ,Multipack Yoghurts,fromage frais,0.0,TESCO GOODNESS VEGGIE YOGURTS 6X55G,£1.00,1.0,(£0.30/100g),0.3,100,g,3.0,kg,,
2015-11-19 05:00:13.707268,TESCO,211807,Yoghurt/Fromage Frais ,Multipack Yoghurts,fromage frais,0.0,MUNCH BUNCH JELLY DELIGHT STRAWBERRY 4X85G,£1.70,1.7,(£0.50/100g),0.5,100,g,5.0,kg,All products available for this offer,Any 2 for £2.00
2015-11-19 05:00:13.708794,TESCO,211807,Yoghurt/Fromage Frais ,Multipack Yoghurts,fromage frais,0.0,YEO VALLEY 0% FAT GREEK STYLE LEMON YOGHURT 4X1...,£2.00,2.0,(£0.42/100g),0.42,100,g,4.2,kg,All products available for this offer,Any 2 for £3.00
2015-11-19 05:00:13.795600,TESCO,211814,"Yoghurt, small individual",Fat Free & Low Fat Yoghurt,yogurt single,0.0,MULLER LIGHT GOODIES LEMON MERINGUE 4 PACK,£1.34,1.34,(£0.34/each),0.34,1.0,each,0.34,each,Half Price Was £2.69 Now £1.34 - all products for this offer,Half Price Was £2.69 Now £1.34
2015-11-19 05:00:13.797152,TESCO,211814,"Yoghurt, small individual",Fat Free & Low Fat Yoghurt,yogurt single,0.0,MULLER LIGHT CHERRY YOGHURT 175G,£0.68,0.68,(£0.39/100g),0.39,100,g,3.9,kg,All products available for this offer,Any 6 for £3.00
2015-11-19 05:00:13.799395,TESCO,211814,"Yoghurt, small individual",Fat Free & Low Fat Yoghurt,yogurt single,0.0,MULLER LIGHT VANILLA YOGHURT 175G,£0.68,0.68,(£0.39/100g),0.39,100,g,3.9,kg,All products available for this offer,Any 6 for £3.00
2015-11-19 05:00:13.801010,TESCO,211814,"Yoghurt, small individual",Fat Free & Low Fat Yoghurt,yogurt single,0.0,WILDLIFE FROMAGE FRAIS 18X45G,£2.00,2.0,(£0.25/100g),0.25,100,g,2.5,kg,,
2015-11-19 05:00:13.802444,TESCO,211814,"Yoghurt, small individual",Fat Free & Low Fat Yoghurt,yogurt single,0.0,ONKEN CHERRY YOGHURT 450G,£1.30,1.3,(£0.29/100g),0.29,100,g,2.9,kg,All products available for this offer,Any 2 for £2.00
2015-11-19 05:00:13.803944,TESCO,211814,"Yoghurt, small individual",Fat Free & Low Fat Yoghurt,yogurt single,0.0,ACTIVIA MIXED FRUIT YOGHURT 8X125G,£2.90,2.9,(£0.29/100g),0.29,100,g,2.9,kg,,
2015-11-19 05:00:13.805400,TESCO,211814,"Yoghurt, small individual",Fat Free & Low Fat Yoghurt,yogurt single,0.0,WEIGHT WATCHERS SUMMER FRUIT YOGHURT 4X120G,£1.00,1.0,(£0.21/100g),0.21,100,g,2.1,kg,,
2015-11-19 05:00:13.806833,TESCO,211814,"Yoghurt, small individual",Fat Free & Low Fat Yoghurt,yogurt single,0.0,TESCO LOW FAT GREEK STYLE YOGHURT 500G,£1.00,1.0,(£0.20/100g),0.2,100,g,2.0,kg,,
2015-11-19 05:00:13.808298,TESCO,211814,"Yoghurt, small individual",Fat Free & Low Fat Yoghurt,yogurt single,0.0,WEIGHT WATCHERS VANILLA AND FRUIT FROMAGE FRAIS...,£1.00,1.0,(£0.25/100g),0.25,100,g,2.5,kg,,
2015-11-19 05:00:13.813835,TESCO,211814,"Yoghurt, small individual",Fat Free & Low Fat Yoghurt,yogurt single,0.0,MULLER LIGHT GREEK STYLE CHERRY YOGHURT 4X120G,£2.49,2.49,(£0.52/100g),0.52,100,g,5.2,kg,All products available for this offer,Any 2 for £4.00
2015-11-19 05:00:13.815386,TESCO,211814,"Yoghurt, small individual",Fat Free & Low Fat Yoghurt,yogurt single,0.0,YEO VALLEY STRAWBERRY YOGHURT 450G,£1.50,1.5,(£0.33/100g),0.33,100,g,3.3,kg,All products available for this offer,Any 2 for £2.00
2015-11-19 05:00:13.816959,TESCO,211814,"Yoghurt, small individual",Fat Free & Low Fat Yoghurt,yogurt single,0.0,ACTIVIA MANGO YOGHURT 4X125G,£2.00,2.0,(£0.40/100g),0.4,100,g,4.0,kg,All products available for this offer,Any 2 for £3.00
2015-11-19 05:00:13.818468,TESCO,211814,"Yoghurt, small individual",Fat Free & Low Fat Yoghurt,yogurt single,0.0,LIBERTE FAT FREE GREEK STRAWBERRY YOGHURT 4X100...,£2.20,2.2,(£0.55/100g),0.55,100,g,5.5,kg,All products available for this offer,Any 2 for £3.00
2015-11-19 05:00:13.820003,TESCO,211814,"Yoghurt, small individual",Fat Free & Low Fat Yoghurt,yogurt single,0.0,WEIGHT WATCHERS TOFFEE AND VANILLA YOGHURT 4X12...,£1.00,1.0,(£0.21/100g),0.21,100,g,2.1,kg,,
2015-11-19 05:00:13.821487,TESCO,211814,"Yoghurt, small individual",Fat Free & Low Fat Yoghurt,yogurt single,0.0,ONKEN FAT FREE MANGO AND APPLE YOGHURT 450G,£1.30,1.3,(£0.29/100g),0.29,100,g,2.9,kg,All products available for this offer,Any 2 for £2.00
2015-11-19 05:00:13.823027,TESCO,211814,"Yoghurt, small individual",Fat Free & Low Fat Yoghurt,yogurt single,0.0,LIBERTE FAT FREE GREEK BLUEBERRY YOGHURT 4X100G,£2.20,2.2,(£0.55/100g),0.55,100,g,5.5,kg,All products available for this offer,Any 2 for £3.00
2015-11-19 05:00:13.829389,TESCO,211814,"Yoghurt, small individual",Fat Free & Low Fat Yoghurt,yogurt single,0.0,ONKEN FAT FREE NATURAL YOGHURT 450G,£1.20,1.2,(£0.27/100g),0.27,100,g,2.7,kg,,
2015-11-19 05:00:13.830847,TESCO,211814,"Yoghurt, small individual",Fat Free & Low Fat Yoghurt,yogurt single,0.0,PETITS FILOUS STRAWBERRY & RASPBERRY YOGHURT 4X...,£1.00,1.0,(£0.25/100g),0.25,100,g,2.5,kg,SAVE 50p Was £1.50 Now £1.00 - all products for this offer,SAVE 50p Was £1.50 Now £1.00
2015-11-19 05:00:13.832390,TESCO,211814,"Yoghurt, small individual",Fat Free & Low Fat Yoghurt,yogurt single,0.0,ACTIVIA FUSIONS BLUEBERRY ACAI YOGHURT 4X125G,£2.20,2.2,(£0.44/100g),0.44,100,g,4.4,kg,All products available for this offer,Any 2 for £3.00
2015-11-19 05:00:13.833923,TESCO,211814,"Yoghurt, small individual",Fat Free & Low Fat Yoghurt,yogurt single,0.0,ACTIVIA FIG YOGHURT 4X125G,£2.00,2.0,(£0.40/100g),0.4,100,g,4.0,kg,All products available for this offer,Any 2 for £3.00
2015-11-19 05:00:13.845896,TESCO,310215,"Lager, 4 bottles, 4.3%-7.5% ABV",Beer - Lager,lager bottles,0.0,BRAHMA 4X330ML,£3.50,3.5,(£2.66/l),2.66,1.0,l,2.66,l,,
2015-11-19 05:00:13.847341,TESCO,310215,"Lager, 4 bottles, 4.3%-7.5% ABV",Beer - Lager,lager bottles,0.0,CARLING ZEST CITRUS 4X300ML,£2.00,2.0,(£1.67/l),1.67,1.0,l,1.67,l,SAVE 50p Was £2.50 Now £2.00 - all products for this offer,SAVE 50p Was £2.50 Now £2.00
2015-11-19 05:00:13.850685,TESCO,310215,"Lager, 4 bottles, 4.3%-7.5% ABV",Beer - Lager,lager bottles,0.0,BLUE MOON WHEAT BEER 355ML,£1.79,1.79,(£5.05/l),5.05,1.0,l,5.05,l,All products available for this offer,Any 4 for £6.00
2015-11-19 05:00:13.852254,TESCO,310215,"Lager, 4 bottles, 4.3%-7.5% ABV",Beer - Lager,lager bottles,0.0,BECKS 660ML,£1.99,1.99,(£3.02/l),3.02,1.0,l,3.02,l,All products available for this offer,Any 3 for £5.00
2015-11-19 05:00:13.853741,TESCO,310215,"Lager, 4 bottles, 4.3%-7.5% ABV",Beer - Lager,lager bottles,0.0,RED STRIPE CAN 4X440ML,£5.00,5.0,(£2.85/l),2.85,1.0,l,2.85,l,All products available for this offer,Any 2 for £8.00
2015-11-19 05:00:13.855224,TESCO,310215,"Lager, 4 bottles, 4.3%-7.5% ABV",Beer - Lager,lager bottles,0.0,KRONENBOURG 660ML,£1.99,1.99,(£3.02/l),3.02,1.0,l,3.02,l,All products available for this offer,Any 3 for £5.00
2015-11-19 05:00:13.856746,TESCO,310215,"Lager, 4 bottles, 4.3%-7.5% ABV",Beer - Lager,lager bottles,0.5,TESCO LAGER 12 X 440ML,£7.00,7.0,(£1.33/l),1.33,1.0,l,1.33,l,,
2015-11-19 05:00:13.858155,TESCO,310215,"Lager, 4 bottles, 4.3%-7.5% ABV",Beer - Lager,lager bottles,0.0,STELLA ARTOIS 4% 4X440ML,£3.50,3.5,(£1.99/l),1.99,1.0,l,1.99,l,,
2015-11-19 05:00:13.859611,TESCO,310215,"Lager, 4 bottles, 4.3%-7.5% ABV",Beer - Lager,lager bottles,0.0,FOSTERS RADLER 4X300ML,£3.50,3.5,(£2.92/l),2.92,1.0,l,2.92,l,,
2015-11-19 05:00:13.867894,TESCO,212016,"Fresh/Chilled Orange Juice, eg. Tropicana",Chilled Juice,fresh orange juice,0.67,COPELLA ORANGE JUICE ORIGINAL 1.5L,£2.00,2.0,(£0.13/100ml),0.13,100,ml,1.3,l,SAVE £1.00 Was £3.00 Now £2.00 - all products for this offer,SAVE £1.00 Was £3.00 Now £2.00
2015-11-19 05:00:13.869426,TESCO,212016,"Fresh/Chilled Orange Juice, eg. Tropicana",Chilled Juice,fresh orange juice,0.33,INNOCENT APPLE AND MANGO JUICE 900ML,£2.39,2.39,(£0.27/100ml),0.27,100,ml,2.7,l,All products available for this offer,Any 2 for £3.50
2015-11-19 05:00:13.870906,TESCO,212016,"Fresh/Chilled Orange Juice, eg. Tropicana",Chilled Juice,fresh orange juice,0.0,TESCO APPLE AND BLACKCURRANT 2 LITRE,£1.40,1.4,(£0.07/100ml),0.07,100,ml,0.7,l,,
2015-11-19 05:00:13.872431,TESCO,310215,"Lager, 4 bottles, 4.3%-7.5% ABV",Beer - Lager,lager bottles,0.0,ERDINGER ALKOHOLFREI 0.5% 500ML,£1.59,1.59,(£3.18/l),3.18,1.0,l,3.18,l,,
2015-11-19 05:00:13.873876,TESCO,310215,"Lager, 4 bottles, 4.3%-7.5% ABV",Beer - Lager,lager bottles,0.5,TESCO LAGER 4X440ML,£2.50,2.5,(£1.43/l),1.43,1.0,l,1.43,l,,
2015-11-19 05:00:13.875278,TESCO,310215,"Lager, 4 bottles, 4.3%-7.5% ABV",Beer - Lager,lager bottles,0.0,PERONI 3X620ML,£7.00,7.0,(£3.77/l),3.77,1.0,l,3.77,l,,
2015-11-19 05:00:13.876748,TESCO,310215,"Lager, 4 bottles, 4.3%-7.5% ABV",Beer - Lager,lager bottles,0.0,TSINGTAO BEER 640ML,£1.99,1.99,(£3.11/l),3.11,1.0,l,3.11,l,All products available for this offer,Any 3 for £5.00
2015-11-19 05:00:13.878219,TESCO,310215,"Lager, 4 bottles, 4.3%-7.5% ABV",Beer - Lager,lager bottles,0.0,BUDWEISER 660ML,£1.99,1.99,(£3.02/l),3.02,1.0,l,3.02,l,All products available for this offer,Any 3 for £5.00
2015-11-19 05:00:13.879699,TESCO,310215,"Lager, 4 bottles, 4.3%-7.5% ABV",Beer - Lager,lager bottles,0.0,CARLSBERG SPECIAL BREW 4X440ML,£7.30,7.3,(£4.15/l),4.15,1.0,l,4.15,l,,
2015-11-19 05:00:13.881112,TESCO,310215,"Lager, 4 bottles, 4.3%-7.5% ABV",Beer - Lager,lager bottles,0.0,STELLA ARTOIS 6X284ML,£5.00,5.0,(£2.94/l),2.94,1.0,l,2.94,l,,
2015-11-19 05:00:13.883110,TESCO,212016,"Fresh/Chilled Orange Juice, eg. Tropicana",Chilled Juice,fresh orange juice,0.67,TROPICANA TROP 50 ORANGE AND MANGO JUICE DRINK ...,£2.48,2.48,(£0.25/100ml),0.25,100,ml,2.5,l,All products available for this offer,Any 2 for £4.00
2015-11-19 05:00:13.884719,TESCO,212016,"Fresh/Chilled Orange Juice, eg. Tropicana",Chilled Juice,fresh orange juice,0.33,TROPICANA MANGO PEACH AND PAPAYA JUICE 850ML,£2.48,2.48,(£0.29/100ml),0.29,100,ml,2.9,l,,
2015-11-19 05:00:13.886148,TESCO,212016,"Fresh/Chilled Orange Juice, eg. Tropicana",Chilled Juice,fresh orange juice,0.67,INNOCENT ORANGE AND MANGO JUICE 900ML,£2.39,2.39,(£0.27/100ml),0.27,100,ml,2.7,l,All products available for this offer,Any 2 for £3.50
2015-11-19 05:00:13.887665,TESCO,212016,"Fresh/Chilled Orange Juice, eg. Tropicana",Chilled Juice,fresh orange juice,0.33,TROPICANA APPLE JUICE 1.75 L,£3.50,3.5,(£0.20/100ml),0.2,100,ml,2.0,l,,
2015-11-19 05:00:13.889109,TESCO,212016,"Fresh/Chilled Orange Juice, eg. Tropicana",Chilled Juice,fresh orange juice,0.33,COPELLA APPLE AND MANGO JUICE 900ML,£2.00,2.0,(£0.22/100ml),0.22,100,ml,2.2,l,,
2015-11-19 05:00:13.890518,TESCO,212016,"Fresh/Chilled Orange Juice, eg. Tropicana",Chilled Juice,fresh orange juice,0.33,CHERRYGOOD PREMIUM CHERRY JUICE DRINK 1 L,£2.49,2.49,(£0.25/100ml),0.25,100,ml,2.5,l,,
2015-11-19 05:00:13.891951,TESCO,212016,"Fresh/Chilled Orange Juice, eg. Tropicana",Chilled Juice,fresh orange juice,0.33,TROPICANA RED GRAPE JUICE 1 LITRE,£2.48,2.48,(£0.25/100ml),0.25,100,ml,2.5,l,,
2015-11-19 05:00:13.893425,TESCO,310215,"Lager, 4 bottles, 4.3%-7.5% ABV",Beer - Lager,lager bottles,0.0,BUDWEISER BUDVAR 500ML,£1.79,1.79,(£3.58/l),3.58,1.0,l,3.58,l,,
2015-11-19 05:00:13.894843,TESCO,310215,"Lager, 4 bottles, 4.3%-7.5% ABV",Beer - Lager,lager bottles,0.0,GROLSCH 450 ML,£1.99,1.99,(£4.43/l),4.43,1.0,l,4.43,l,All products available for this offer,Any 3 for £5.00
2015-11-19 05:00:13.896411,TESCO,310215,"Lager, 4 bottles, 4.3%-7.5% ABV",Beer - Lager,lager bottles,0.0,SOL. MEXICAN 4X330ML,£4.50,4.5,(£3.41/l),3.41,1.0,l,3.41,l,All products available for this offer,Any 2 for £8.00
2015-11-19 05:00:13.897901,TESCO,310215,"Lager, 4 bottles, 4.3%-7.5% ABV",Beer - Lager,lager bottles,0.0,GOLD LABEL BARLEY WINE 4 X 330ML,£5.80,5.8,(£4.40/l),4.4,1.0,l,4.4,l,,
2015-11-19 05:00:13.902409,TESCO,212016,"Fresh/Chilled Orange Juice, eg. Tropicana",Chilled Juice,fresh orange juice,0.67,TESCO ORANGE & PINEAPPLE JUICE DRINK 2 LITRE,£1.40,1.4,(£0.07/100ml),0.07,100,ml,0.7,l,,
2015-11-19 05:00:13.903875,TESCO,212016,"Fresh/Chilled Orange Juice, eg. Tropicana",Chilled Juice,fresh orange juice,0.33,TROPICANA TROPICAL JUICE 1.5 LITRE,£3.50,3.5,(£0.23/100ml),0.23,100,ml,2.3,l,,
2015-11-19 05:00:13.905329,TESCO,212016,"Fresh/Chilled Orange Juice, eg. Tropicana",Chilled Juice,fresh orange juice,0.67,TROPICANA TROP 50 ORANGE JUICE ORIGINAL 1 LITRE,£2.48,2.48,(£0.25/100ml),0.25,100,ml,2.5,l,All products available for this offer,Any 2 for £4.00
2015-11-19 05:00:13.906827,TESCO,212016,"Fresh/Chilled Orange Juice, eg. Tropicana",Chilled Juice,fresh orange juice,0.33,TROPICANA APPLE AND RASPBERRY JUICE 850ML,£2.48,2.48,(£0.29/100ml),0.29,100,ml,2.9,l,,
2015-11-19 05:00:13.908339,TESCO,212016,"Fresh/Chilled Orange Juice, eg. Tropicana",Chilled Juice,fresh orange juice,0.33,INNOCENT APPLE AND BERRY JUICE 900ML,£2.39,2.39,(£0.27/100ml),0.27,100,ml,2.7,l,All products available for this offer,Any 2 for £3.50
2015-11-19 05:00:13.909848,TESCO,212016,"Fresh/Chilled Orange Juice, eg. Tropicana",Chilled Juice,fresh orange juice,0.33,TESCO TOMATO JUICE 1 LITRE,£1.00,1.0,(£0.10/100ml),0.1,100,ml,1.0,l,All products available for this offer,Any 4 for £3.50
2015-11-19 05:00:13.911362,TESCO,212016,"Fresh/Chilled Orange Juice, eg. Tropicana",Chilled Juice,fresh orange juice,0.33,INNOCENT APPLE AND BERRY JUICE 1.35L,£2.99,2.99,(£0.22/100ml),0.22,100,ml,2.2,l,All products available for this offer,Any 2 for £4.00
2015-11-19 05:00:13.912997,TESCO,212016,"Fresh/Chilled Orange Juice, eg. Tropicana",Chilled Juice,fresh orange juice,0.33,TROPICANA APPLE AND MANGO JUICE 850ML,£2.48,2.48,(£0.29/100ml),0.29,100,ml,2.9,l,,
2015-11-19 05:00:13.914442,TESCO,212016,"Fresh/Chilled Orange Juice, eg. Tropicana",Chilled Juice,fresh orange juice,0.33,INNOCENT APPLE JUICE AND ELDERFLOWER 1.35L,£2.99,2.99,(£0.22/100ml),0.22,100,ml,2.2,l,All products available for this offer,Any 2 for £4.00
2015-11-19 05:00:13.915966,TESCO,212016,"Fresh/Chilled Orange Juice, eg. Tropicana",Chilled Juice,fresh orange juice,0.33,INNOCENT APPLE PEACH AND PEAR JUICE 900ML,£2.39,2.39,(£0.27/100ml),0.27,100,ml,2.7,l,All products available for this offer,Any 2 for £3.50
2015-11-19 05:00:13.985350,TESCO,310218,"Apple Cider, bottle, 4.5%-5.5% ABV",Cider,apple cider,0.0,REKORDERLIG STRAWBERRY AND LIME 4X330ML,£5.00,5.0,(£3.79/l),3.79,1.0,l,3.79,l,,
2015-11-19 05:00:13.987540,TESCO,310218,"Apple Cider, bottle, 4.5%-5.5% ABV",Cider,apple cider,0.5,HENRY WESTONS VINTAGE CIDER 6X500ML,£9.00,9.0,(£3.00/l),3.0,1.0,l,3.0,l,,
2015-11-19 05:00:13.989024,TESCO,310218,"Apple Cider, bottle, 4.5%-5.5% ABV",Cider,apple cider,0.5,K CIDER 4X330ML,£4.00,4.0,(£3.04/l),3.04,1.0,l,3.04,l,,
2015-11-19 05:00:13.990450,TESCO,310218,"Apple Cider, bottle, 4.5%-5.5% ABV",Cider,apple cider,0.5,MERRYDOWN VINTAGE MEDIUM CIDER 750ML,£1.99,1.99,(£2.66/l),2.66,1.0,l,2.66,l,,
2015-11-19 05:00:13.991918,TESCO,310218,"Apple Cider, bottle, 4.5%-5.5% ABV",Cider,apple cider,0.0,BULMERS BOLD BLACK CHERRY 6X568ML,£9.00,9.0,(£2.65/l),2.65,1.0,l,2.65,l,,
2015-11-19 05:00:13.993356,TESCO,310218,"Apple Cider, bottle, 4.5%-5.5% ABV",Cider,apple cider,0.5,TESCO FINEST VINTAGE CIDER 500ML,£1.99,1.99,(£3.98/l),3.98,1.0,l,3.98,l,All products available for this offer,Any 3 for £5.00
2015-11-19 05:00:13.994850,TESCO,310218,"Apple Cider, bottle, 4.5%-5.5% ABV",Cider,apple cider,0.0,MAGNERS PEAR 568ML,£1.99,1.99,(£3.51/l),3.51,1.0,l,3.51,l,All products available for this offer,Any 3 for £5.00
2015-11-19 05:00:13.996389,TESCO,310218,"Apple Cider, bottle, 4.5%-5.5% ABV",Cider,apple cider,0.5,CARLING CIDER ORCHARD FRUITS 500ML,£1.99,1.99,(£3.98/l),3.98,1.0,l,3.98,l,All products available for this offer,Any 3 for £5.00
2015-11-19 05:00:14.002007,TESCO,310218,"Apple Cider, bottle, 4.5%-5.5% ABV",Cider,apple cider,0.5,CARLING BRITISH CIDER 4X440ML,£3.75,3.75,(£2.14/l),2.14,1.0,l,2.14,l,,
2015-11-19 05:00:14.003461,TESCO,310218,"Apple Cider, bottle, 4.5%-5.5% ABV",Cider,apple cider,0.5,WESTONS WYLD WOOD ORGANIC CIDER 500ML,£1.99,1.99,(£3.98/l),3.98,1.0,l,3.98,l,All products available for this offer,Any 3 for £5.00
2015-11-19 05:00:14.005066,TESCO,310218,"Apple Cider, bottle, 4.5%-5.5% ABV",Cider,apple cider,0.5,REKORDERLIG MANGO-RASPBERRY CIDER 10X330ML,£10.00,10.0,(£3.04/l),3.04,1.0,l,3.04,l,,
2015-11-19 05:00:14.006477,TESCO,310218,"Apple Cider, bottle, 4.5%-5.5% ABV",Cider,apple cider,0.0,BULMERS ZESTY BLOOD ORANGE 6X568ML,£9.00,9.0,(£2.65/l),2.65,1.0,l,2.65,l,,
2015-11-19 05:00:14.007919,TESCO,310218,"Apple Cider, bottle, 4.5%-5.5% ABV",Cider,apple cider,0.5,BROTHERS CLOUDY LEMON CIDER 500ML (L),£1.99,1.99,(£3.98/l),3.98,1.0,l,3.98,l,All products available for this offer,Any 3 for £5.00
2015-11-19 05:00:14.010166,TESCO,310218,"Apple Cider, bottle, 4.5%-5.5% ABV",Cider,apple cider,0.0,WOODPECKER CAN 4X500ML,£3.75,3.75,(£1.88/l),1.88,1.0,l,1.88,l,,
2015-11-19 05:00:14.011620,TESCO,310218,"Apple Cider, bottle, 4.5%-5.5% ABV",Cider,apple cider,0.5,KOPPARBERG STRAWBERRY AND LIME FROZEN CIDER 250...,£2.49,2.49,(£9.96/l),9.96,1.0,l,9.96,l,,
2015-11-19 05:00:14.017398,TESCO,310218,"Apple Cider, bottle, 4.5%-5.5% ABV",Cider,apple cider,0.0,ASPALL ORGANIC SUFFOLK 500ML,£1.99,1.99,(£3.98/l),3.98,1.0,l,3.98,l,All products available for this offer,Any 3 for £5.00
2015-11-19 05:00:14.018915,TESCO,310218,"Apple Cider, bottle, 4.5%-5.5% ABV",Cider,apple cider,0.0,MAGNERS ORIGINAL 20X300ML PRICE MARKED,£10.00,10.0,(£1.67/l),1.67,1.0,l,1.67,l,SPECIAL PURCHASE £10.00 - all products for this offer,SPECIAL PURCHASE £10.00
2015-11-19 05:00:14.020474,TESCO,310218,"Apple Cider, bottle, 4.5%-5.5% ABV",Cider,apple cider,0.5,KOPPARBERG MIXED FRUIT FROZEN CIDER 250ML,£2.49,2.49,(£9.96/l),9.96,1.0,l,9.96,l,,
2015-11-19 05:00:14.021916,TESCO,310218,"Apple Cider, bottle, 4.5%-5.5% ABV",Cider,apple cider,0.5,KOPPARBERG ELDERFLOWER AND LIME FROZEN CIDER 25...,£2.49,2.49,(£9.96/l),9.96,1.0,l,9.96,l,,
2015-11-19 05:00:14.023337,TESCO,310218,"Apple Cider, bottle, 4.5%-5.5% ABV",Cider,apple cider,0.5,HENRY WESTONS MULLED CIDER 2.25 LITRES,£7.00,7.0,(£3.12/l),3.12,1.0,l,3.12,l,,
2015-11-19 05:00:14.034806,TESCO,310421,"Red Wine, European, bottle",Red Wine,red wine,0.0,CALVET CAHORS MALBEC 75CL,£8.00,8.0,(£8.00/75cl),8.0,75,cl,10.6667,l,,
2015-11-19 05:00:14.036274,TESCO,310421,"Red Wine, European, bottle",Red Wine,red wine,0.0,I HEART PINOT NOIR 75CL,£4.90,4.9,(£4.90/75cl),4.9,75,cl,6.5333,l,,
2015-11-19 05:00:14.037677,TESCO,310421,"Red Wine, European, bottle",Red Wine,red wine,0.0,TESCO FINEST RIOJA RESERVA 75CL,£8.00,8.0,(£8.00/75cl),8.0,75,cl,10.6667,l,,
2015-11-19 05:00:14.040919,TESCO,310421,"Red Wine, European, bottle",Red Wine,red wine,0.0,WOLF BLASS EAGLEHAWK SHIRAZ 75CL,£6.00,6.0,(£6.00/75cl),6.0,75,cl,8.0,l,,
2015-11-19 05:00:14.042340,TESCO,310421,"Red Wine, European, bottle",Red Wine,red wine,0.0,BAREFOOT MERLOT 75CL,£5.50,5.5,(£5.50/75cl),5.5,75,cl,7.3333,l,SAVE £1.50 Was £7.00 Now £5.50 - all products for this offer,SAVE £1.50 Was £7.00 Now £5.50
2015-11-19 05:00:14.043827,TESCO,310421,"Red Wine, European, bottle",Red Wine,red wine,0.0,TESCO FINEST CHATEAUNEUF DU PAPE 75CL,£13.00,13.0,(£13.00/75cl),13.0,75,cl,17.3333,l,,
2015-11-19 05:00:14.045248,TESCO,310421,"Red Wine, European, bottle",Red Wine,red wine,0.0,TESCO FINEST CARMENERE 75CL,£6.00,6.0,(£6.00/75cl),6.0,75,cl,8.0,l,,
2015-11-19 05:00:14.046646,TESCO,310421,"Red Wine, European, bottle",Red Wine,red wine,0.0,PICCINI CHIANTI CLASSICO 75CL,£6.00,6.0,(£6.00/75cl),6.0,75,cl,8.0,l,SAVE £3.00 Was £9.00 Now £6.00 - all products for this offer,SAVE £3.00 Was £9.00 Now £6.00
2015-11-19 05:00:14.048158,TESCO,310421,"Red Wine, European, bottle",Red Wine,red wine,0.0,GALLO FAMILY VINEYARDS MERLOT 75CL,£6.50,6.5,(£6.50/75cl),6.5,75,cl,8.6667,l,,
2015-11-19 05:00:14.049554,TESCO,310421,"Red Wine, European, bottle",Red Wine,red wine,0.0,BLOSSOM HILL CABERNET SAUVIGNON 75CL,£6.00,6.0,(£6.00/75cl),6.0,75,cl,8.0,l,,
2015-11-19 05:00:14.057776,TESCO,210204,"Dry Spaghetti or pasta, 500g",Pasta & Spaghetti,500g,1.0,WEIGHT WATCHERS 50/50 FUSILLI PASTA 500G,£1.20,1.2,(£2.40/kg),2.4,1.0,kg,2.4,kg,,
2015-11-19 05:00:14.059197,TESCO,210204,"Dry Spaghetti or pasta, 500g",Pasta & Spaghetti,500g,1.0,TESCO FINEST BUCATINI PASTA 500G,£1.70,1.7,(£3.40/kg),3.4,1.0,kg,3.4,kg,,
2015-11-19 05:00:14.060660,TESCO,210204,"Dry Spaghetti or pasta, 500g",Pasta & Spaghetti,500g,0.0,TOSCANA PENNE CARBONARA 200G,£1.70,1.7,(£8.50/kg),8.5,1.0,kg,8.5,kg,,
2015-11-19 05:00:14.062736,TESCO,310421,"Red Wine, European, bottle",Red Wine,red wine,0.0,LA CHASSE COTES DU RHONE PRESTIGE 75CL,£7.50,7.5,(£7.50/75cl),7.5,75,cl,10.0,l,,
2015-11-19 05:00:14.064255,TESCO,310421,"Red Wine, European, bottle",Red Wine,red wine,0.0,KUMALA RESERVE SHIRAZ 75CL,£9.00,9.0,(£9.00/75cl),9.0,75,cl,12.0,l,,
2015-11-19 05:00:14.065676,TESCO,310421,"Red Wine, European, bottle",Red Wine,red wine,0.0,EL PINSAPO RIOJA RESERVA 75CL,£5.50,5.5,(£5.50/75cl),5.5,75,cl,7.3333,l,SAVE £1.00 Was £6.50 Now £5.50 - all products for this offer,SAVE £1.00 Was £6.50 Now £5.50
2015-11-19 05:00:14.067176,TESCO,310421,"Red Wine, European, bottle",Red Wine,red wine,0.0,NEDERBURG 56 HUNDRED PINOT NOIR 75CL,£5.75,5.75,(£5.75/75cl),5.75,75,cl,7.6667,l,,
2015-11-19 05:00:14.068627,TESCO,310421,"Red Wine, European, bottle",Red Wine,red wine,0.5,TESCO SICILIAN RED 75CL.,£4.20,4.2,(£4.20/75cl),4.2,75,cl,5.6,l,,
2015-11-19 05:00:14.070039,TESCO,310421,"Red Wine, European, bottle",Red Wine,red wine,0.0,CASILLERO DEL DIABLO SHIRAZ 75CL,£8.00,8.0,(£8.00/75cl),8.0,75,cl,10.6667,l,,
2015-11-19 05:00:14.071470,TESCO,310421,"Red Wine, European, bottle",Red Wine,red wine,0.0,CONO SUR MERLOT 75CL,£7.00,7.0,(£7.00/75cl),7.0,75,cl,9.3333,l,,
2015-11-19 05:00:14.073549,TESCO,210204,"Dry Spaghetti or pasta, 500g",Pasta & Spaghetti,500g,1.0,TESCO FINEST PENNONI RIGATE PASTA 500G,£1.70,1.7,(£3.40/kg),3.4,1.0,kg,3.4,kg,,
2015-11-19 05:00:14.075006,TESCO,210204,"Dry Spaghetti or pasta, 500g",Pasta & Spaghetti,500g,1.0,TESCO FINEST LINGUINE PASTA 500G,£1.70,1.7,(£3.40/kg),3.4,1.0,kg,3.4,kg,,
2015-11-19 05:00:14.076526,TESCO,210204,"Dry Spaghetti or pasta, 500g",Pasta & Spaghetti,500g,1.0,WEIGHT WATCHERS 50/50 SPAGHETTI 500G,£1.20,1.2,(£2.40/kg),2.4,1.0,kg,2.4,kg,,
2015-11-19 05:00:14.077930,TESCO,210204,"Dry Spaghetti or pasta, 500g",Pasta & Spaghetti,500g,0.0,TOSCANA PENNE BEEF BOLOGNESE 200G,£1.70,1.7,(£8.50/kg),8.5,1.0,kg,8.5,kg,,
2015-11-19 05:00:14.079326,TESCO,210204,"Dry Spaghetti or pasta, 500g",Pasta & Spaghetti,500g,1.0,NAPOLINA FARFALLE 500G,£1.20,1.2,(£2.40/kg),2.4,1.0,kg,2.4,kg,,
2015-11-19 05:00:14.080760,TESCO,210204,"Dry Spaghetti or pasta, 500g",Pasta & Spaghetti,500g,1.0,WEIGHT WATCHERS 50/50 PENNE PASTA 500G,£1.20,1.2,(£2.40/kg),2.4,1.0,kg,2.4,kg,,
2015-11-19 05:00:14.082150,TESCO,210204,"Dry Spaghetti or pasta, 500g",Pasta & Spaghetti,500g,0.0,BARILLA TORTELLINI HAM AND CHEESE 225G,£2.60,2.6,(£11.56/kg),11.56,1.0,kg,11.56,kg,,
2015-11-19 05:00:14.083549,TESCO,210204,"Dry Spaghetti or pasta, 500g",Pasta & Spaghetti,500g,0.0,NAPOLINA EGG CANELLONNI 250G,£1.00,1.0,(£4.00/kg),4.0,1.0,kg,4.0,kg,SAVE 40p Was £1.40 Now £1.00 - all products for this offer,SAVE 40p Was £1.40 Now £1.00
2015-11-19 05:00:14.088711,TESCO,310421,"Red Wine, European, bottle",Red Wine,red wine,0.5,CUVEE PRESTIGE RED 75CL,£4.80,4.8,(£4.80/75cl),4.8,75,cl,6.4,l,,
2015-11-19 05:00:14.090151,TESCO,310421,"Red Wine, European, bottle",Red Wine,red wine,0.0,THE STRAW HAT RE 75CL,£3.40,3.4,(£3.40/75cl),3.4,75,cl,4.5333,l,,
2015-11-19 05:00:14.091593,TESCO,310421,"Red Wine, European, bottle",Red Wine,red wine,0.5,GALLO FAMILY VINEYARDS SUMMER RED 75CL,£5.00,5.0,(£5.00/75cl),5.0,75,cl,6.6667,l,SAVE £1.50 Was £6.50 Now £5.00 - all products for this offer,SAVE £1.50 Was £6.50 Now £5.00
2015-11-19 05:00:14.096199,TESCO,210204,"Dry Spaghetti or pasta, 500g",Pasta & Spaghetti,500g,1.0,TESCO FINEST SPAGHETTI PASTA 500G,£1.70,1.7,(£3.40/kg),3.4,1.0,kg,3.4,kg,,
2015-11-19 05:00:14.097653,TESCO,210204,"Dry Spaghetti or pasta, 500g",Pasta & Spaghetti,500g,0.0,TESCO FINEST EGG FETTUCCINE PASTA 250G,£1.70,1.7,(£6.80/kg),6.8,1.0,kg,6.8,kg,,
2015-11-19 05:00:14.099071,TESCO,210204,"Dry Spaghetti or pasta, 500g",Pasta & Spaghetti,500g,1.0,COOK ITALIAN CONCHIGLIE 500G,£1.00,1.0,(£2.00/kg),2.0,1.0,kg,2.0,kg,SAVE 25p Was £1.25 Now £1.00 - all products for this offer,SAVE 25p Was £1.25 Now £1.00
2015-11-19 05:00:14.100636,TESCO,210204,"Dry Spaghetti or pasta, 500g",Pasta & Spaghetti,500g,1.0,COOK ITALIAN BRONZE DIE RIGATONI 500G,£1.00,1.0,(£2.00/kg),2.0,1.0,kg,2.0,kg,SAVE 25p Was £1.25 Now £1.00 - all products for this offer,SAVE 25p Was £1.25 Now £1.00
2015-11-19 05:00:14.102120,TESCO,210204,"Dry Spaghetti or pasta, 500g",Pasta & Spaghetti,500g,1.0,DE CECCO FARFALLE 500G,£1.55,1.55,(£3.10/kg),3.1,1.0,kg,3.1,kg,,
2015-11-19 05:00:14.103554,TESCO,210204,"Dry Spaghetti or pasta, 500g",Pasta & Spaghetti,500g,1.0,WEIGHT WATCHERS 50/50 CONCHIGLIA PASTA 500G,£1.20,1.2,(£2.40/kg),2.4,1.0,kg,2.4,kg,,
2015-11-19 05:00:14.105003,TESCO,210204,"Dry Spaghetti or pasta, 500g",Pasta & Spaghetti,500g,0.0,TOSCANA PENNE TOMATO AND BASIL 200G,£1.70,1.7,(£8.50/kg),8.5,1.0,kg,8.5,kg,,
2015-11-19 05:00:14.108205,TESCO,210204,"Dry Spaghetti or pasta, 500g",Pasta & Spaghetti,500g,0.0,COOK ITALIAN SPAGHETTI 1KG,£1.99,1.99,(£1.99/kg),1.99,1.0,kg,1.99,kg,SAVE 51p Was £2.50 Now £1.99 - all products for this offer,SAVE 51p Was £2.50 Now £1.99
2015-11-19 05:00:14.109722,TESCO,210204,"Dry Spaghetti or pasta, 500g",Pasta & Spaghetti,500g,1.0,TESCO LUMACHE PASTA 500G,£0.59,0.59,(£1.18/kg),1.18,1.0,kg,1.18,kg,,
2015-11-19 05:00:14.121153,TESCO,211709,"Shop Milk, whole milk",Fresh Milk,whole,0.0,TESCO FREE FROM COCONUT MILK DRINK 1L,£1.25,1.25,(£0.13/100ml),0.13,100,ml,1.3,l,,
2015-11-19 05:00:14.122745,TESCO,211709,"Shop Milk, whole milk",Fresh Milk,whole,0.0,ALPRO FRESH CHOCOLATE SOYA MILK ALTERNATIVE 1 L...,£1.45,1.45,(£1.45/l),1.45,1.0,l,1.45,l,,
2015-11-19 05:00:14.128130,TESCO,211709,"Shop Milk, whole milk",Fresh Milk,whole,0.0,ALPRO LONGLIFE STRAWBERRY SHAKE 3X250ML,£1.30,1.3,(£1.74/l),1.74,1.0,l,1.74,l,,
2015-11-19 05:00:14.129563,TESCO,211709,"Shop Milk, whole milk",Fresh Milk,whole,0.0,HAPPY MONKEY STRAWBERRY M/SHAKE 3X200ML,£1.25,1.25,(£2.09/l),2.09,1.0,l,2.09,l,All products available for this offer,Any 2 for £2.00
2015-11-19 05:00:14.131038,TESCO,211709,"Shop Milk, whole milk",Fresh Milk,whole,0.0,ALPRO LONGLIFE RICE MILK ALTERNATIVE 1 LITRE,£1.30,1.3,(£1.30/l),1.3,1.0,l,1.3,l,,
2015-11-19 05:00:14.132530,TESCO,211709,"Shop Milk, whole milk",Fresh Milk,whole,0.0,TESCO BANANA MILKSHAKE MIX 300G,£1.49,1.49,(£0.50/100g),0.5,100,g,5.0,kg,,
2015-11-19 05:00:14.133926,TESCO,211709,"Shop Milk, whole milk",Fresh Milk,whole,0.0,YAZOO VANILLA MILK 400ML,£1.00,1.0,(£0.03/10ml),0.03,10,ml,3.0,l,,
2015-11-19 05:00:14.135318,TESCO,211709,"Shop Milk, whole milk",Fresh Milk,whole,1.0,DELAMERE DAIRY STERILISED LONGLIFE WHOLE MILK 1...,£1.10,1.1,(£1.10/l),1.1,1.0,l,1.1,l,,
2015-11-19 05:00:14.136794,TESCO,211709,"Shop Milk, whole milk",Fresh Milk,whole,0.0,TESCO ORGANIC BRITISH SKIMMED MILK 568ML/1 PINT,£0.58,0.58,(£1.03/l),1.03,1.0,l,1.03,l,,
2015-11-19 05:00:14.139389,TESCO,211709,"Shop Milk, whole milk",Fresh Milk,whole,0.0,NESQUIK STRAWBERRY 500G,£2.99,2.99,(£0.60/100g),0.6,100,g,6.0,kg,,
2015-11-19 05:00:14.140852,TESCO,211709,"Shop Milk, whole milk",Fresh Milk,whole,0.0,EMMI CAFFE LATTE CAPPUCCINO 230ML,£1.00,1.0,(£0.44/100ml),0.44,100,ml,4.4,l,SAVE 35p Was £1.35 Now £1.00 - all products for this offer,SAVE 35p Was £1.35 Now £1.00
2015-11-19 05:00:14.142331,TESCO,211709,"Shop Milk, whole milk",Fresh Milk,whole,0.0,ALPRO LONGLIFE ORGANIC SOYA MILK ALTERNATIVE 1 ...,£1.40,1.4,(£1.40/l),1.4,1.0,l,1.4,l,,
2015-11-19 05:00:14.143736,TESCO,211709,"Shop Milk, whole milk",Fresh Milk,whole,0.0,CRUSHA RASPBERRY NO ADDED SUGAR 500ML,£1.00,1.0,(£0.20/100ml),0.2,100,ml,2.0,l,SAVE 79p Was £1.79 Now £1.00 - all products for this offer,SAVE 79p Was £1.79 Now £1.00
2015-11-19 05:00:14.145235,TESCO,211709,"Shop Milk, whole milk",Fresh Milk,whole,0.0,ST HELEN'S FRESH SKIMMED GOATS MILK 1L,£1.60,1.6,(£1.60/l),1.6,1.0,l,1.6,l,,
2015-11-19 05:00:14.146619,TESCO,211709,"Shop Milk, whole milk",Fresh Milk,whole,0.0,TESCO FREE FROM FRESH SWEETENED SOYA MILK ALTER...,£1.10,1.1,(£0.11/100ml),0.11,100,ml,1.1,l,,
2015-11-19 05:00:14.148075,TESCO,211709,"Shop Milk, whole milk",Fresh Milk,whole,0.0,ALPRO FRESH WHOLEBEAN UNSWEETENED SOYA MILK 1 L...,£1.40,1.4,(£1.40/l),1.4,1.0,l,1.4,l,,
2015-11-19 05:00:14.156269,TESCO,310419,"White Wine, European, bottle",White Wine,white wine,0.0,TESCO FINEST STEILLAGE MOSEL RIESLING 75CL,£6.00,6.0,(£6.00/75cl),6.0,75,cl,8.0,l,,
2015-11-19 05:00:14.157682,TESCO,310419,"White Wine, European, bottle",White Wine,white wine,0.0,KUMALA RESERVE CHENIN BLANC 75CL,£9.00,9.0,(£9.00/75cl),9.0,75,cl,12.0,l,,
2015-11-19 05:00:14.159085,TESCO,310419,"White Wine, European, bottle",White Wine,white wine,0.0,FIRST CAPE LIMITED RELEASE CHARDONNAY 75CL,£5.00,5.0,(£5.00/75cl),5.0,75,cl,6.6667,l,,
2015-11-19 05:00:14.161223,TESCO,211709,"Shop Milk, whole milk",Fresh Milk,whole,0.0,YAZOO BANANA MILKSHAKE 4X200ML,£1.60,1.6,(£0.20/100ml),0.2,100,ml,2.0,l,,
2015-11-19 05:00:14.162669,TESCO,211709,"Shop Milk, whole milk",Fresh Milk,whole,0.0,FRIJJ LIMITED EDITION COOKIE DOUGH MILKSHAKE 47...,£0.65,0.65,(£0.14/100ml),0.14,100,ml,1.4,l,Half Price Was £1.30 Now 65p - all products for this offer,Half Price Was £1.30 Now 65p
2015-11-19 05:00:14.164233,TESCO,211709,"Shop Milk, whole milk",Fresh Milk,whole,0.0,ALPRO LONGLIFE COCONUT MILK ALTERNATIVE 1 LITRE,£1.70,1.7,(£1.70/l),1.7,1.0,l,1.7,l,,
2015-11-19 05:00:14.169386,TESCO,310419,"White Wine, European, bottle",White Wine,white wine,0.5,THE STRAW HAT WHITE 75CL,£3.40,3.4,(£3.40/75cl),3.4,75,cl,4.5333,l,,
2015-11-19 05:00:14.170845,TESCO,310419,"White Wine, European, bottle",White Wine,white wine,0.0,FRONTERA PINOT GRIGIO 75CL,£6.00,6.0,(£6.00/75cl),6.0,75,cl,8.0,l,,
2015-11-19 05:00:14.172317,TESCO,310419,"White Wine, European, bottle",White Wine,white wine,0.5,TESCO ITALIAN WHITE 75CL,£4.00,4.0,(£4.00/75cl),4.0,75,cl,5.3333,l,,
2015-11-19 05:00:14.173717,TESCO,310419,"White Wine, European, bottle",White Wine,white wine,0.0,FINEST PECORINO TERRE DI CHIETI IGP 75CL,£6.25,6.25,(£6.25/75cl),6.25,75,cl,8.3333,l,,
2015-11-19 05:00:14.175127,TESCO,310419,"White Wine, European, bottle",White Wine,white wine,0.0,MCGUIGAN RESERVE SAUVIGNON BLANC 75CL,£7.00,7.0,(£7.00/75cl),7.0,75,cl,9.3333,l,,
2015-11-19 05:00:14.176569,TESCO,310419,"White Wine, European, bottle",White Wine,white wine,0.5,BLACK TOWER WHITE BUBBLY 75CL,£5.25,5.25,(£5.25/75cl),5.25,75,cl,7.0,l,,
2015-11-19 05:00:14.177968,TESCO,310419,"White Wine, European, bottle",White Wine,white wine,0.0,BLOSSOM HILL CHARDONNAY 75CL,£6.00,6.0,(£6.00/75cl),6.0,75,cl,8.0,l,,
2015-11-19 05:00:14.179355,TESCO,310419,"White Wine, European, bottle",White Wine,white wine,0.0,TESCO FINEST RIOJA BLANCO 75CL,£6.00,6.0,(£6.00/75cl),6.0,75,cl,8.0,l,,
2015-11-19 05:00:14.184271,TESCO,310419,"White Wine, European, bottle",White Wine,white wine,0.0,TESCO FINEST POUILLY FUME 75CL,£10.50,10.5,(£10.50/75cl),10.5,75,cl,14.0,l,,
2015-11-19 05:00:14.185712,TESCO,310419,"White Wine, European, bottle",White Wine,white wine,0.0,VILLA TAURINI VERDICCHIO 75CL,£5.50,5.5,(£5.50/75cl),5.5,75,cl,7.3333,l,,
2015-11-19 05:00:14.187110,TESCO,310419,"White Wine, European, bottle",White Wine,white wine,0.0,WILLIAM HARDY CHARDONNAY 75CL,£7.50,7.5,(£7.50/75cl),7.5,75,cl,10.0,l,,
2015-11-19 05:00:14.188547,TESCO,310419,"White Wine, European, bottle",White Wine,white wine,0.0,WAIRAU COVE GISBORNE CHARDONNAY 75CL,£6.00,6.0,(£6.00/75cl),6.0,75,cl,8.0,l,,
2015-11-19 05:00:14.189942,TESCO,310419,"White Wine, European, bottle",White Wine,white wine,0.0,CASILLERO DEL DIABLO PINOT GRIGIO 75CL,£8.00,8.0,(£8.00/75cl),8.0,75,cl,10.6667,l,,
2015-11-19 05:00:14.191361,TESCO,310419,"White Wine, European, bottle",White Wine,white wine,0.0,TESCO FINEST SANCERRE 75CL,£11.00,11.0,(£11.00/75cl),11.0,75,cl,14.6667,l,,
2015-11-19 05:00:14.192803,TESCO,310419,"White Wine, European, bottle",White Wine,white wine,0.0,CONO SUR RESERVE ESPECIAL RIESLING 75CL,£9.00,9.0,(£9.00/75cl),9.0,75,cl,12.0,l,,
2015-11-19 05:00:14.194196,TESCO,310419,"White Wine, European, bottle",White Wine,white wine,0.0,TELEGRAPH STATION SEMILLON 75CL,£5.50,5.5,(£5.50/75cl),5.5,75,cl,7.3333,l,,
2015-11-19 05:00:14.196954,TESCO,310419,"White Wine, European, bottle",White Wine,white wine,0.0,ECHO FALLS PINOT GRIGIO 75CL,£5.00,5.0,(£5.00/75cl),5.0,75,cl,6.6667,l,,
2015-11-19 05:00:14.208661,TESCO,310207,"Bitter, 4 cans, 3.4%-7.5% ABV",Beer - Ale & Bitter,bitter,0.0,HELP FOR HEROES BLONDE ALE 500ML,£1.79,1.79,(£3.58/l),3.58,1.0,l,3.58,l,All products available for this offer,Any 4 for £6.00
2015-11-19 05:00:14.210189,TESCO,310207,"Bitter, 4 cans, 3.4%-7.5% ABV",Beer - Ale & Bitter,bitter,0.0,SHEPHERD NEAME 1698 500ML,£1.99,1.99,(£3.98/l),3.98,1.0,l,3.98,l,All products available for this offer,Any 4 for £6.00
2015-11-19 05:00:14.212327,TESCO,310207,"Bitter, 4 cans, 3.4%-7.5% ABV",Beer - Ale & Bitter,bitter,0.0,JENNINGS CUMBERLAND ALE 500ML,£1.79,1.79,(£3.58/l),3.58,1.0,l,3.58,l,All products available for this offer,Any 4 for £6.00
2015-11-19 05:00:14.213859,TESCO,310207,"Bitter, 4 cans, 3.4%-7.5% ABV",Beer - Ale & Bitter,bitter,0.0,TESCO REVISIONIST RYE PALE ALE 500ML,£1.79,1.79,(£3.58/l),3.58,1.0,l,3.58,l,All products available for this offer,Any 4 for £6.00
2015-11-19 05:00:14.215355,TESCO,310207,"Bitter, 4 cans, 3.4%-7.5% ABV",Beer - Ale & Bitter,bitter,0.0,TESCO REVISIONIST STEAM BEER 500ML,£1.79,1.79,(£3.58/l),3.58,1.0,l,3.58,l,All products available for this offer,Any 4 for £6.00
2015-11-19 05:00:14.216926,TESCO,310207,"Bitter, 4 cans, 3.4%-7.5% ABV",Beer - Ale & Bitter,bitter,0.0,TESCO IPA 500ML,£1.29,1.29,(£2.58/l),2.58,1.0,l,2.58,l,,
2015-11-19 05:00:14.218335,TESCO,310207,"Bitter, 4 cans, 3.4%-7.5% ABV",Beer - Ale & Bitter,bitter,0.0,TESCO REVISIONIST CRAFT LAGER 500ML,£1.79,1.79,(£3.58/l),3.58,1.0,l,3.58,l,All products available for this offer,Any 4 for £6.00
2015-11-19 05:00:14.219864,TESCO,310207,"Bitter, 4 cans, 3.4%-7.5% ABV",Beer - Ale & Bitter,bitter,0.0,GREENE KING IPA RESERVE 500ML,£1.79,1.79,(£3.58/l),3.58,1.0,l,3.58,l,All products available for this offer,Any 4 for £6.00
2015-11-19 05:00:14.221381,TESCO,310207,"Bitter, 4 cans, 3.4%-7.5% ABV",Beer - Ale & Bitter,bitter,0.0,THWAITES WAINWRIGHT 4X440ML,£4.50,4.5,(£2.56/l),2.56,1.0,l,2.56,l,All products available for this offer,Any 2 for £8.00
2015-11-19 05:00:14.222916,TESCO,310207,"Bitter, 4 cans, 3.4%-7.5% ABV",Beer - Ale & Bitter,bitter,0.0,MASTER BREWERS COLLECTION 6X500ML,£8.00,8.0,(£2.67/l),2.67,1.0,l,2.67,l,,
2015-11-19 05:00:14.224388,TESCO,310207,"Bitter, 4 cans, 3.4%-7.5% ABV",Beer - Ale & Bitter,bitter,0.0,BADGER FIRST CALL 500ML,£1.79,1.79,(£3.58/l),3.58,1.0,l,3.58,l,All products available for this offer,Any 4 for £6.00
2015-11-19 05:00:14.225883,TESCO,310207,"Bitter, 4 cans, 3.4%-7.5% ABV",Beer - Ale & Bitter,bitter,0.0,FULLERS 1845 STRONG ALE 500ML,£1.99,1.99,(£3.98/l),3.98,1.0,l,3.98,l,All products available for this offer,Any 4 for £6.00
2015-11-19 05:00:14.227369,TESCO,310207,"Bitter, 4 cans, 3.4%-7.5% ABV",Beer - Ale & Bitter,bitter,0.0,JOHN SMITHS GOLDEN ALE 500ML,£1.79,1.79,(£3.58/l),3.58,1.0,l,3.58,l,All products available for this offer,Any 4 for £6.00
2015-11-19 05:00:14.228910,TESCO,310207,"Bitter, 4 cans, 3.4%-7.5% ABV",Beer - Ale & Bitter,bitter,0.0,BREWDOG PUNK IPA 4X330ML,£6.00,6.0,(£4.55/l),4.55,1.0,l,4.55,l,,
2015-11-19 05:00:14.230322,TESCO,310207,"Bitter, 4 cans, 3.4%-7.5% ABV",Beer - Ale & Bitter,bitter,1.0,TETLEYS ORIGINAL BITTER 4X440ML,£3.75,3.75,(£2.14/l),2.14,1.0,l,2.14,l,,
2015-11-19 05:00:14.231770,TESCO,310207,"Bitter, 4 cans, 3.4%-7.5% ABV",Beer - Ale & Bitter,bitter,0.0,BOMBARDIER BURNING GOLD 500ML,£1.79,1.79,(£3.58/l),3.58,1.0,l,3.58,l,All products available for this offer,Any 4 for £6.00
2015-11-19 05:00:14.233327,TESCO,310207,"Bitter, 4 cans, 3.4%-7.5% ABV",Beer - Ale & Bitter,bitter,0.0,TESCO REVISIONIST SAISON BEER 500ML,£1.79,1.79,(£3.58/l),3.58,1.0,l,3.58,l,All products available for this offer,Any 4 for £6.00
2015-11-19 05:00:14.234837,TESCO,310207,"Bitter, 4 cans, 3.4%-7.5% ABV",Beer - Ale & Bitter,bitter,0.0,TESCO GOLDEN ALE 500ML,£1.29,1.29,(£2.58/l),2.58,1.0,l,2.58,l,,
2015-11-19 05:00:14.236286,TESCO,310207,"Bitter, 4 cans, 3.4%-7.5% ABV",Beer - Ale & Bitter,bitter,0.0,GREENE KING ABBOT RESERVE 500ML,£1.79,1.79,(£3.58/l),3.58,1.0,l,3.58,l,All products available for this offer,Any 4 for £6.00
2015-11-19 05:00:14.237787,TESCO,310207,"Bitter, 4 cans, 3.4%-7.5% ABV",Beer - Ale & Bitter,bitter,0.0,BADGER BLANDFORD FLYER PREMIUM ALE 500ML,£1.79,1.79,(£3.58/l),3.58,1.0,l,3.58,l,All products available for this offer,Any 4 for £6.00
2015-11-19 05:00:14.302333,TESCO,211807,Yoghurt/Fromage Frais ,Multipack Yoghurts,fromage frais,1.0,WILDLIFE FROMAGE FRAIS BIG POTS 4X90G,£1.00,1.0,(£0.29/100g),0.29,100,g,2.9,kg,,
2015-11-19 05:00:14.304235,TESCO,211807,Yoghurt/Fromage Frais ,Multipack Yoghurts,fromage frais,0.0,MULLER CORNER PUD. 4X85G,£2.50,2.5,(£0.74/100g),0.74,100,g,7.4,kg,All products available for this offer,Any 2 for £4.00
2015-11-19 05:00:14.305767,TESCO,211807,Yoghurt/Fromage Frais ,Multipack Yoghurts,fromage frais,0.0,LITTLE YEOS TUBES STRAWBERRY AND VANILLA 6 PACK...,£1.00,1.0,(£0.42/100g),0.42,100,g,4.2,kg,,
2015-11-19 05:00:14.307192,TESCO,211807,Yoghurt/Fromage Frais ,Multipack Yoghurts,fromage frais,0.0,SKI TROPICAL FRUIT YOGHURT 4X120G,£1.00,1.0,(£0.21/100g),0.21,100,g,2.1,kg,,
2015-11-19 05:00:14.308646,TESCO,211807,Yoghurt/Fromage Frais ,Multipack Yoghurts,fromage frais,0.0,IRISH DIET BERRIES YOGURTS 4X125G,£1.50,1.5,(£0.30/100g),0.3,100,g,3.0,kg,,
2015-11-19 05:00:14.310094,TESCO,211807,Yoghurt/Fromage Frais ,Multipack Yoghurts,fromage frais,0.0,MULLER CORNER PUD. TOFFEE DIGESTIVE 4X85G,£2.50,2.5,(£0.74/100g),0.74,100,g,7.4,kg,All products available for this offer,Any 2 for £4.00
2015-11-19 05:00:14.311595,TESCO,211807,Yoghurt/Fromage Frais ,Multipack Yoghurts,fromage frais,0.0,TESCO SPLIT POT STRAWBERRY AND PEACH 6X150G,£2.00,2.0,(£0.22/100g),0.22,100,g,2.2,kg,,
2015-11-19 05:00:14.313033,TESCO,211807,Yoghurt/Fromage Frais ,Multipack Yoghurts,fromage frais,0.0,DISNEY PRINCESS MIXED FRUIT TUBES 9X40G,£1.50,1.5,(£0.42/100g),0.42,100,g,4.2,kg,,
2015-11-19 05:00:14.314441,TESCO,211807,Yoghurt/Fromage Frais ,Multipack Yoghurts,fromage frais,0.0,TESCO WHIPPED GREEK STYLE STRAWBERRY YOGURTS 4 ...,£1.50,1.5,(£0.48/100g),0.48,100,g,4.8,kg,,
2015-11-19 05:00:14.315922,TESCO,211807,Yoghurt/Fromage Frais ,Multipack Yoghurts,fromage frais,0.0,TESCO WHIPPED GREEK STYLE LEMON YOGHURT 4X78G,£1.50,1.5,(£0.48/100g),0.48,100,g,4.8,kg,,
2015-11-19 05:00:14.317373,TESCO,211807,Yoghurt/Fromage Frais ,Multipack Yoghurts,fromage frais,0.0,TESCO CUSTARD STYLE YOGHURT 4X100G,£1.25,1.25,(£0.31/100g),0.31,100,g,3.1,kg,,
2015-11-19 05:00:14.318776,TESCO,211807,Yoghurt/Fromage Frais ,Multipack Yoghurts,fromage frais,0.0,TESCO LOW FAT GREEK STYLE RED FRUIT YOGHURT 4 X...,£1.25,1.25,(£0.31/100g),0.31,100,g,3.1,kg,,
2015-11-19 05:00:14.320230,TESCO,211807,Yoghurt/Fromage Frais ,Multipack Yoghurts,fromage frais,0.0,TESCO 0% FAT GREEK STYLE STRAWBERRY PEACH APRIC...,£1.50,1.5,(£0.25/100g),0.25,100,g,2.5,kg,,
2015-11-19 05:00:14.367344,TESCO,310218,"Apple Cider, bottle, 4.5%-5.5% ABV",Cider,apple cider,0.0,ASPALL CYDER CLEMENTS FOUR 500ML,£1.99,1.99,(£3.98/l),3.98,1.0,l,3.98,l,All products available for this offer,Any 3 for £5.00
2015-11-19 05:00:14.368934,TESCO,310218,"Apple Cider, bottle, 4.5%-5.5% ABV",Cider,apple cider,0.0,KOPPARBERG RASPBERRY 12X330ML,£12.00,12.0,(£3.04/l),3.04,1.0,l,3.04,l,,
2015-11-19 05:00:14.370364,TESCO,310218,"Apple Cider, bottle, 4.5%-5.5% ABV",Cider,apple cider,0.0,ASPALL HARRY SPARROW 500ML,£1.99,1.99,(£3.98/l),3.98,1.0,l,3.98,l,All products available for this offer,Any 3 for £5.00
2015-11-19 05:00:14.371888,TESCO,310218,"Apple Cider, bottle, 4.5%-5.5% ABV",Cider,apple cider,0.0,THATCHERS SOMERSET HAZE 4X440ML,£5.00,5.0,(£2.85/l),2.85,1.0,l,2.85,l,All products available for this offer,Any 2 for £8.00
2015-11-19 05:00:14.388480,TESCO,211814,"Yoghurt, small individual",Fat Free & Low Fat Yoghurt,yogurt single,0.0,MULLER LIGHT GOODIES STRAWBERRY WHITE CHOCOLATE...,£1.34,1.34,(£0.34/each),0.34,1.0,each,0.34,each,Half Price Was £2.69 Now £1.34 - all products for this offer,Half Price Was £2.69 Now £1.34
2015-11-19 05:00:14.390030,TESCO,211814,"Yoghurt, small individual",Fat Free & Low Fat Yoghurt,yogurt single,0.0,ACTIVIA HEALTH FRUITS YOGURTS 8X125G,£2.90,2.9,(£0.29/100g),0.29,100,g,2.9,kg,,
2015-11-19 05:00:14.392485,TESCO,211814,"Yoghurt, small individual",Fat Free & Low Fat Yoghurt,yogurt single,0.0,ONKEN RASPBERRY YOGHURT 450G,£1.30,1.3,(£0.29/100g),0.29,100,g,2.9,kg,All products available for this offer,Any 2 for £2.00
2015-11-19 05:00:14.394029,TESCO,211814,"Yoghurt, small individual",Fat Free & Low Fat Yoghurt,yogurt single,0.0,ACTIVIA INTENSELY CREAMY BLUEBERRY 4X110G,£2.40,2.4,(£0.55/100g),0.55,100,g,5.5,kg,All products available for this offer,Any 2 for £4.00
2015-11-19 05:00:14.395559,TESCO,211814,"Yoghurt, small individual",Fat Free & Low Fat Yoghurt,yogurt single,0.0,MULLER LIGHT GOODIES TOFFEE MILK CHOCOLATE 4 PA...,£1.34,1.34,(£0.34/each),0.34,1.0,each,0.34,each,Half Price Was £2.69 Now £1.34 - all products for this offer,Half Price Was £2.69 Now £1.34
2015-11-19 05:00:14.397102,TESCO,211814,"Yoghurt, small individual",Fat Free & Low Fat Yoghurt,yogurt single,0.0,ACTIVIA FUSIONS PRUNE YOGHURT 4X125G,£2.20,2.2,(£0.44/100g),0.44,100,g,4.4,kg,All products available for this offer,Any 2 for £3.00
2015-11-19 05:00:14.398621,TESCO,211814,"Yoghurt, small individual",Fat Free & Low Fat Yoghurt,yogurt single,0.0,WEIGHT WATCHERS CITRUS FRUIT YOGHURT 4X120G,£1.00,1.0,(£0.21/100g),0.21,100,g,2.1,kg,,
2015-11-19 05:00:14.400100,TESCO,211814,"Yoghurt, small individual",Fat Free & Low Fat Yoghurt,yogurt single,0.0,ONKEN WHOLEGRAIN STRAWBERRY YOGHURT 450G,£1.30,1.3,(£0.29/100g),0.29,100,g,2.9,kg,All products available for this offer,Any 2 for £2.00
2015-11-19 05:00:14.401628,TESCO,211814,"Yoghurt, small individual",Fat Free & Low Fat Yoghurt,yogurt single,0.0,ONKEN FAT FREE BLUEBERRY AND ELDERBERRY YOGHURT...,£1.30,1.3,(£0.29/100g),0.29,100,g,2.9,kg,All products available for this offer,Any 2 for £2.00
2015-11-19 05:00:14.406356,TESCO,211814,"Yoghurt, small individual",Fat Free & Low Fat Yoghurt,yogurt single,0.0,YEO VALLEY MANGO AND VANILLA YOGHURT 450G,£1.50,1.5,(£0.33/100g),0.33,100,g,3.3,kg,All products available for this offer,Any 2 for £2.00
2015-11-19 05:00:14.407898,TESCO,211814,"Yoghurt, small individual",Fat Free & Low Fat Yoghurt,yogurt single,0.0,TESCO FINEST 0% FAT GREEK YOGHURT 500G,£1.75,1.75,(£0.35/100g),0.35,100,g,3.5,kg,,
2015-11-19 05:00:14.409356,TESCO,211814,"Yoghurt, small individual",Fat Free & Low Fat Yoghurt,yogurt single,0.0,TESCO LOW FAT HAZELNUT YOGHURT 150G,£0.40,0.4,(£0.27/100g),0.27,100,g,2.7,kg,,
2015-11-19 05:00:14.410775,TESCO,211814,"Yoghurt, small individual",Fat Free & Low Fat Yoghurt,yogurt single,0.0,LIBERTE HONEY YOGHURT 4X100G,£2.20,2.2,(£0.55/100g),0.55,100,g,5.5,kg,All products available for this offer,Any 2 for £3.00
2015-11-19 05:00:14.412336,TESCO,211814,"Yoghurt, small individual",Fat Free & Low Fat Yoghurt,yogurt single,0.0,OYKOS PEACH GREEK STYLE YOGHURT 4X110G,£2.00,2.0,(£0.46/100g),0.46,100,g,4.6,kg,,
2015-11-19 05:00:14.413776,TESCO,211814,"Yoghurt, small individual",Fat Free & Low Fat Yoghurt,yogurt single,0.0,ACTIVIA 0% FAT YELLOW FRUIT YOGHURT 8X125G,£2.90,2.9,(£0.29/100g),0.29,100,g,2.9,kg,,
2015-11-19 05:00:14.415197,TESCO,211814,"Yoghurt, small individual",Fat Free & Low Fat Yoghurt,yogurt single,0.0,WEIGHTWATCHERS CARAMEL CHOCOLATE POT SHOTS 6X55...,£1.00,1.0,(£0.30/100g),0.3,100,g,3.0,kg,SAVE 99p Was £1.99 Now £1.00 - all products for this offer,SAVE 99p Was £1.99 Now £1.00
2015-11-19 05:00:14.417881,TESCO,211814,"Yoghurt, small individual",Fat Free & Low Fat Yoghurt,yogurt single,0.0,ACTIVIA BREAKFAST TOPPER VANILLA 160G,£1.00,1.0,(£0.63/100g),0.63,100,g,6.3,kg,All products available for this offer,Any 4 for £3.00
2015-11-19 05:00:14.419399,TESCO,211814,"Yoghurt, small individual",Fat Free & Low Fat Yoghurt,yogurt single,0.0,WEIGHT WATCHERS DESSERT RECIPE GB FAVOURITE 4X1...,£1.00,1.0,(£0.21/100g),0.21,100,g,2.1,kg,,
2015-11-19 05:00:14.420870,TESCO,211814,"Yoghurt, small individual",Fat Free & Low Fat Yoghurt,yogurt single,0.0,Y/VALLEY 0% FAT GREEK STYLE WITH HONEY YOGHURT ...,£1.80,1.8,(£0.40/100g),0.4,100,g,4.0,kg,All products available for this offer,Any 2 for £3.00
2015-11-19 05:00:14.422382,TESCO,211814,"Yoghurt, small individual",Fat Free & Low Fat Yoghurt,yogurt single,0.0,TOTAL 0% FAT GREEK HONEY YOGHURT 170G,£1.10,1.1,(£0.65/100g),0.65,100,g,6.5,kg,All products available for this offer,Any 4 for £3.00
2015-11-19 05:00:14.433767,TESCO,310215,"Lager, 4 bottles, 4.3%-7.5% ABV",Beer - Lager,lager bottles,0.0,ST AUSTELL KOREV 500ML,£1.79,1.79,(£3.58/l),3.58,1.0,l,3.58,l,All products available for this offer,Any 4 for £6.00
2015-11-19 05:00:14.435295,TESCO,310215,"Lager, 4 bottles, 4.3%-7.5% ABV",Beer - Lager,lager bottles,0.5,SAMUEL ADAMS BOSTON LAGER 330ML,£1.79,1.79,(£5.43/l),5.43,1.0,l,5.43,l,All products available for this offer,Any 4 for £6.00
2015-11-19 05:00:14.436864,TESCO,310215,"Lager, 4 bottles, 4.3%-7.5% ABV",Beer - Lager,lager bottles,0.0,GROLSCH 4X440ML,£3.75,3.75,(£2.14/l),2.14,1.0,l,2.14,l,,
2015-11-19 05:00:14.439066,TESCO,310215,"Lager, 4 bottles, 4.3%-7.5% ABV",Beer - Lager,lager bottles,0.5,KINGFISHER LAGER BEER 650ML,£1.99,1.99,(£3.07/l),3.07,1.0,l,3.07,l,All products available for this offer,Any 3 for £5.00
2015-11-19 05:00:14.440739,TESCO,310215,"Lager, 4 bottles, 4.3%-7.5% ABV",Beer - Lager,lager bottles,0.0,CORONA EXTRA 710ML,£1.99,1.99,(£2.81/l),2.81,1.0,l,2.81,l,,
2015-11-19 05:00:14.442182,TESCO,310215,"Lager, 4 bottles, 4.3%-7.5% ABV",Beer - Lager,lager bottles,0.5,HEINEKEN BOTTLES 4X330ML,£3.50,3.5,(£2.66/l),2.66,1.0,l,2.66,l,SAVE 50p Was £4.00 Now £3.50 - all products for this offer,SAVE 50p Was £4.00 Now £3.50
2015-11-19 05:00:14.443722,TESCO,310215,"Lager, 4 bottles, 4.3%-7.5% ABV",Beer - Lager,lager bottles,0.5,HEINEKEN LAGER CANS 12X330ML,£9.50,9.5,(£2.40/l),2.4,1.0,l,2.4,l,,
2015-11-19 05:00:14.445170,TESCO,310215,"Lager, 4 bottles, 4.3%-7.5% ABV",Beer - Lager,lager bottles,0.5,TYSKIE POLISH LAGER 4X500ML,£5.00,5.0,(£2.50/l),2.5,1.0,l,2.5,l,,
2015-11-19 05:00:14.446628,TESCO,310215,"Lager, 4 bottles, 4.3%-7.5% ABV",Beer - Lager,lager bottles,0.0,KEO BEER 630ML,£1.99,1.99,(£3.16/l),3.16,1.0,l,3.16,l,All products available for this offer,Any 3 for £5.00
2015-11-19 05:00:14.448212,TESCO,310215,"Lager, 4 bottles, 4.3%-7.5% ABV",Beer - Lager,lager bottles,0.5,VRATISLAV CZECH LAGER 500ML,£1.25,1.25,(£2.50/l),2.5,1.0,l,2.5,l,,
2015-11-19 05:00:14.453533,TESCO,310215,"Lager, 4 bottles, 4.3%-7.5% ABV",Beer - Lager,lager bottles,0.0,AMSTEL 6X330ML,£5.00,5.0,(£2.53/l),2.53,1.0,l,2.53,l,,
2015-11-19 05:00:14.454997,TESCO,310215,"Lager, 4 bottles, 4.3%-7.5% ABV",Beer - Lager,lager bottles,0.0,FOSTERS ROCKS SPICED RUM 4X440ML,£4.00,4.0,(£2.28/l),2.28,1.0,l,2.28,l,All products available for this offer,Only £4.00
2015-11-19 05:00:14.456548,TESCO,310215,"Lager, 4 bottles, 4.3%-7.5% ABV",Beer - Lager,lager bottles,0.0,BUDWEISER 4X568ML,£5.00,5.0,(£2.21/l),2.21,1.0,l,2.21,l,,
2015-11-19 05:00:14.457986,TESCO,310215,"Lager, 4 bottles, 4.3%-7.5% ABV",Beer - Lager,lager bottles,0.5,MEANTIME LONDON LAGER 330ML,£1.79,1.79,(£5.43/l),5.43,1.0,l,5.43,l,All products available for this offer,Any 4 for £6.00
2015-11-19 05:00:14.459505,TESCO,310215,"Lager, 4 bottles, 4.3%-7.5% ABV",Beer - Lager,lager bottles,0.0,FOSTERS ROCKS CLASSIC RUM 4X440ML,£4.00,4.0,(£2.28/l),2.28,1.0,l,2.28,l,All products available for this offer,Only £4.00
2015-11-19 05:00:14.461081,TESCO,310215,"Lager, 4 bottles, 4.3%-7.5% ABV",Beer - Lager,lager bottles,0.0,FOSTERS ROCKS SPICED RUM 10X440ML,£8.00,8.0,(£1.82/l),1.82,1.0,l,1.82,l,SAVE £2.00 Was £10.00 Now £8.00 - all products for this offer,SAVE £2.00 Was £10.00 Now £8.00
2015-11-19 05:00:14.462598,TESCO,310215,"Lager, 4 bottles, 4.3%-7.5% ABV",Beer - Lager,lager bottles,0.0,SAPPORO PREMIUM BEER 650ML,£2.79,2.79,(£4.30/l),4.3,1.0,l,4.3,l,,
2015-11-19 05:00:14.465736,TESCO,310215,"Lager, 4 bottles, 4.3%-7.5% ABV",Beer - Lager,lager bottles,0.0,FOSTERS ROCKS CLASSIC RUM 10X440ML,£8.00,8.0,(£1.82/l),1.82,1.0,l,1.82,l,SAVE £2.00 Was £10.00 Now £8.00 - all products for this offer,SAVE £2.00 Was £10.00 Now £8.00
2015-11-19 05:00:14.467263,TESCO,310215,"Lager, 4 bottles, 4.3%-7.5% ABV",Beer - Lager,lager bottles,0.0,EFES PILSENER PREMIUM BEER 500ML,£1.50,1.5,(£0.30/100ml),0.3,100,ml,3.0,l,,
2015-11-19 05:00:14.468744,TESCO,310215,"Lager, 4 bottles, 4.3%-7.5% ABV",Beer - Lager,lager bottles,0.0,CARLING 24 X 440 ML PRICE MARKED,£13.00,13.0,(£1.24/l),1.24,1.0,l,1.24,l,,
2015-11-19 05:00:14.480434,TESCO,310421,"Red Wine, European, bottle",Red Wine,red wine,0.0,WILLIAM HARDY SHIRAZ 75CL,£7.50,7.5,(£7.50/75cl),7.5,75,cl,10.0,l,,
2015-11-19 05:00:14.481885,TESCO,310421,"Red Wine, European, bottle",Red Wine,red wine,0.0,CHATEAU DE PENA COTES DE ROUSSILLON 75CL,£6.50,6.5,(£6.50/75cl),6.5,75,cl,8.6667,l,,
2015-11-19 05:00:14.488030,TESCO,310421,"Red Wine, European, bottle",Red Wine,red wine,0.0,TAVERNELLO VINO D'ITALIA ROSSO 75CL,£3.50,3.5,(£3.50/75cl),3.5,75,cl,4.6667,l,,
2015-11-19 05:00:14.489500,TESCO,310421,"Red Wine, European, bottle",Red Wine,red wine,0.0,FAMILLE CASTEL GRANDE RESERVE CABERNET SAUVIGNO...,£6.00,6.0,(£6.00/75cl),6.0,75,cl,8.0,l,SAVE £3.00 Was £9.00 Now £6.00 - all products for this offer,SAVE £3.00 Was £9.00 Now £6.00
2015-11-19 05:00:14.491026,TESCO,310421,"Red Wine, European, bottle",Red Wine,red wine,0.0,JACOBS CREEK SHIRAZ CABERNET 75CL,£5.50,5.5,(£5.50/75cl),5.5,75,cl,7.3333,l,,
2015-11-19 05:00:14.492477,TESCO,310421,"Red Wine, European, bottle",Red Wine,red wine,0.0,QUIRKY BIRD SHIRAZ MOURVEDRE VIOGNIER 75CL,£4.50,4.5,(£4.50/75cl),4.5,75,cl,6.0,l,SAVE 75p Was £5.25 Now £4.50 - all products for this offer,SAVE 75p Was £5.25 Now £4.50
2015-11-19 05:00:14.493954,TESCO,310421,"Red Wine, European, bottle",Red Wine,red wine,0.0,OYSTER BAY MERLOT 75CL,£8.50,8.5,(£8.50/75cl),8.5,75,cl,11.3333,l,SAVE £1.25 Was £9.75 Now £8.50 - all products for this offer,SAVE £1.25 Was £9.75 Now £8.50
2015-11-19 05:00:14.495430,TESCO,310421,"Red Wine, European, bottle",Red Wine,red wine,0.0,VINA MAIPO RESERVA SHIRAZ 75CL,£4.80,4.8,(£4.80/75cl),4.8,75,cl,6.4,l,,
2015-11-19 05:00:14.496898,TESCO,310421,"Red Wine, European, bottle",Red Wine,red wine,0.0,LES TUGUETS MADIRAN 75CL,£6.00,6.0,(£6.00/75cl),6.0,75,cl,8.0,l,,
2015-11-19 05:00:14.502244,TESCO,310421,"Red Wine, European, bottle",Red Wine,red wine,0.5,TESCO ITALIAN RED 75CL,£4.00,4.0,(£4.00/75cl),4.0,75,cl,5.3333,l,,
2015-11-19 05:00:14.503697,TESCO,310421,"Red Wine, European, bottle",Red Wine,red wine,0.0,TESCO FINEST DOURO 75CL,£5.00,5.0,(£5.00/75cl),5.0,75,cl,6.6667,l,,
2015-11-19 05:00:14.505133,TESCO,310421,"Red Wine, European, bottle",Red Wine,red wine,0.0,LOUIS JOSSE FLEURIE 75CL,£6.50,6.5,(£6.50/75cl),6.5,75,cl,8.6667,l,,
2015-11-19 05:00:14.506534,TESCO,310421,"Red Wine, European, bottle",Red Wine,red wine,0.0,MCGUIGAN RESERVE CABERNET 75CL,£7.00,7.0,(£7.00/75cl),7.0,75,cl,9.3333,l,,
2015-11-19 05:00:14.507979,TESCO,310421,"Red Wine, European, bottle",Red Wine,red wine,0.5,ECHO FALLS FRUIT RED RASPBERRY AND CASSIS 75CL,£4.25,4.25,(£4.25/75cl),4.25,75,cl,5.6667,l,,
2015-11-19 05:00:14.509416,TESCO,310421,"Red Wine, European, bottle",Red Wine,red wine,0.0,TESCO FINEST TEROLDEGO 75CL,£5.50,5.5,(£5.50/75cl),5.5,75,cl,7.3333,l,,
2015-11-19 05:00:14.510824,TESCO,310421,"Red Wine, European, bottle",Red Wine,red wine,0.0,TESCO FINEST COTES CATALANES GRENACHE 75CL,£6.00,6.0,(£6.00/75cl),6.0,75,cl,8.0,l,,
2015-11-19 05:00:14.519052,TESCO,212016,"Fresh/Chilled Orange Juice, eg. Tropicana",Chilled Juice,fresh orange juice,0.33,TESCO FINEST FRESH STILL LEMONADE 1 LITRE,£2.49,2.49,(£0.25/100ml),0.25,100,ml,2.5,l,All products available for this offer,Any 2 for £4.00
2015-11-19 05:00:14.520638,TESCO,212016,"Fresh/Chilled Orange Juice, eg. Tropicana",Chilled Juice,fresh orange juice,0.33,TESCO NO ADDED SUGAR SUMMERFRUITS JUICE DRINKS ...,£1.40,1.4,(£0.07/100ml),0.07,100,ml,0.7,l,,
2015-11-19 05:00:14.522244,TESCO,212016,"Fresh/Chilled Orange Juice, eg. Tropicana",Chilled Juice,fresh orange juice,0.33,TROPICANA FRUIT AND VEGETABLE CARROT JUICE 850M...,£2.48,2.48,(£0.29/100ml),0.29,100,ml,2.9,l,,
2015-11-19 05:00:14.525570,TESCO,310421,"Red Wine, European, bottle",Red Wine,red wine,0.0,WAIRAU COVE PINOT NOIR 75CL,£8.00,8.0,(£8.00/75cl),8.0,75,cl,10.6667,l,,
2015-11-19 05:00:14.526999,TESCO,310421,"Red Wine, European, bottle",Red Wine,red wine,0.0,CHEVALIER DU TOUR ST EMILLION 75CL,£13.00,13.0,(£13.00/75cl),13.0,75,cl,17.3333,l,,
2015-11-19 05:00:14.528444,TESCO,310421,"Red Wine, European, bottle",Red Wine,red wine,0.0,DARK HORSE CABERNET SAUVIGNON 750 ML,£7.00,7.0,(£9.34/l),9.34,1.0,l,9.34,l,SAVE £2.00 Was £9.00 Now £7.00 - all products for this offer,SAVE £2.00 Was £9.00 Now £7.00
2015-11-19 05:00:14.529920,TESCO,310421,"Red Wine, European, bottle",Red Wine,red wine,0.0,BLOSSOM HILL MERLOT 75CL,£5.00,5.0,(£5.00/75cl),5.0,75,cl,6.6667,l,SAVE £1.00 Was £6.00 Now £5.00 - all products for this offer,SAVE £1.00 Was £6.00 Now £5.00
2015-11-19 05:00:14.534582,TESCO,212016,"Fresh/Chilled Orange Juice, eg. Tropicana",Chilled Juice,fresh orange juice,0.67,COPELLA ORANGE JUICE ORIGINAL 900ML,£2.00,2.0,(£0.22/100ml),0.22,100,ml,2.2,l,,
2015-11-19 05:00:14.536077,TESCO,212016,"Fresh/Chilled Orange Juice, eg. Tropicana",Chilled Juice,fresh orange juice,0.33,TROPICANA FRUIT AND VEGETABLE BEETROOT JUICE 85...,£2.48,2.48,(£0.29/100ml),0.29,100,ml,2.9,l,,
2015-11-19 05:00:14.537541,TESCO,212016,"Fresh/Chilled Orange Juice, eg. Tropicana",Chilled Juice,fresh orange juice,0.67,TROPICANA ORANGE JUICE ORIGINAL 4 X 250ML,£2.65,2.65,(£0.27/100ml),0.27,100,ml,2.7,l,,
2015-11-19 05:00:14.538965,TESCO,212016,"Fresh/Chilled Orange Juice, eg. Tropicana",Chilled Juice,fresh orange juice,0.67,TROPICANA ORANGE JUICE SMOOTH 300ML,£1.19,1.19,(£0.40/100ml),0.4,100,ml,4.0,l,,
2015-11-19 05:00:14.540432,TESCO,212016,"Fresh/Chilled Orange Juice, eg. Tropicana",Chilled Juice,fresh orange juice,0.33,INNOCENT JUICE APPLE AND ELDERFLOWER 900ML,£2.39,2.39,(£0.27/100ml),0.27,100,ml,2.7,l,All products available for this offer,Any 2 for £3.50
2015-11-19 05:00:14.541940,TESCO,212016,"Fresh/Chilled Orange Juice, eg. Tropicana",Chilled Juice,fresh orange juice,0.33,"INNOCENT APPLE, PEACH AND PEAR JUICE 1.35L",£2.99,2.99,(£0.22/100ml),0.22,100,ml,2.2,l,All products available for this offer,Any 2 for £4.00
2015-11-19 05:00:14.543439,TESCO,212016,"Fresh/Chilled Orange Juice, eg. Tropicana",Chilled Juice,fresh orange juice,0.67,TESCO REDUCED CALORIE ORANGE JUICE 750ML,£1.40,1.4,(£0.19/100ml),0.19,100,ml,1.9,l,All products available for this offer,Any 3 for £3.50
2015-11-19 05:00:14.548508,TESCO,210204,"Dry Spaghetti or pasta, 500g",Pasta & Spaghetti,500g,0.0,BARILLA CANNELLONI 250G,£2.30,2.3,(£9.20/kg),9.2,1.0,kg,9.2,kg,,
2015-11-19 05:00:14.549948,TESCO,210204,"Dry Spaghetti or pasta, 500g",Pasta & Spaghetti,500g,0.0,COOK ITALIAN FUSILLI 1KG,£1.99,1.99,(£1.99/kg),1.99,1.0,kg,1.99,kg,SAVE 51p Was £2.50 Now £1.99 - all products for this offer,SAVE 51p Was £2.50 Now £1.99
2015-11-19 05:00:14.551434,TESCO,210204,"Dry Spaghetti or pasta, 500g",Pasta & Spaghetti,500g,0.0,TOSCANA PENNE TOMATO AND CHILLI 200G,£1.70,1.7,(£8.50/kg),8.5,1.0,kg,8.5,kg,,
2015-11-19 05:00:14.552884,TESCO,210204,"Dry Spaghetti or pasta, 500g",Pasta & Spaghetti,500g,0.0,COOK ITALIAN PENNE 1KG,£1.99,1.99,(£1.99/kg),1.99,1.0,kg,1.99,kg,SAVE 51p Was £2.50 Now £1.99 - all products for this offer,SAVE 51p Was £2.50 Now £1.99
2015-11-19 05:00:14.555158,TESCO,212016,"Fresh/Chilled Orange Juice, eg. Tropicana",Chilled Juice,fresh orange juice,0.0,TROPICANA TROP 50 POMEGRANATE AND BLUEBERRY JUI...,£2.48,2.48,(£0.25/100ml),0.25,100,ml,2.5,l,All products available for this offer,Any 2 for £4.00
2015-11-19 05:00:14.556757,TESCO,212016,"Fresh/Chilled Orange Juice, eg. Tropicana",Chilled Juice,fresh orange juice,0.33,TESCO STILL LEMONADE JUICE DRINK 2LTR,£1.40,1.4,(£0.07/100ml),0.07,100,ml,0.7,l,,
2015-11-19 05:00:14.558204,TESCO,212016,"Fresh/Chilled Orange Juice, eg. Tropicana",Chilled Juice,fresh orange juice,0.33,TROPICANA TROP 50 APPLE JUICE 1 LITRE,£2.48,2.48,(£0.25/100ml),0.25,100,ml,2.5,l,All products available for this offer,Any 2 for £4.00
2015-11-19 05:00:14.559727,TESCO,212016,"Fresh/Chilled Orange Juice, eg. Tropicana",Chilled Juice,fresh orange juice,0.0,GRACE ALOE REFRESH ORIGINAL DRINK 500ML,£1.39,1.39,(£0.28/100ml),0.28,100,ml,2.8,l,,
2015-11-19 05:00:14.561193,TESCO,212016,"Fresh/Chilled Orange Juice, eg. Tropicana",Chilled Juice,fresh orange juice,0.33,CAWSTON PRESS RADIANT ROOT VEGETABLE JUICE 750M...,£2.99,2.99,(£0.40/100ml),0.4,100,ml,4.0,l,,
2015-11-19 05:00:14.562624,TESCO,212016,"Fresh/Chilled Orange Juice, eg. Tropicana",Chilled Juice,fresh orange juice,0.33,TROPICANA FRUIT AND VEGETABLE PUMPKIN JUICE 850...,£2.48,2.48,(£0.29/100ml),0.29,100,ml,2.9,l,,
2015-11-19 05:00:14.564093,TESCO,212016,"Fresh/Chilled Orange Juice, eg. Tropicana",Chilled Juice,fresh orange juice,0.67,TESCO FC PURE ORANGE JUICE 330ML,£0.70,0.7,(£0.21/100ml),0.21,100,ml,2.1,l,,
2015-11-19 05:00:14.567606,TESCO,212016,"Fresh/Chilled Orange Juice, eg. Tropicana",Chilled Juice,fresh orange juice,0.33,COLDPRESS VALENCIA ORANGE 1 LITRE,£2.00,2.0,(£0.20/100ml),0.2,100,ml,2.0,l,SAVE 79p Was £2.79 Now £2.00 - all products for this offer,SAVE 79p Was £2.79 Now £2.00
2015-11-19 05:00:14.569180,TESCO,212016,"Fresh/Chilled Orange Juice, eg. Tropicana",Chilled Juice,fresh orange juice,0.0,BEET IT 750ML,£2.69,2.69,(£0.36/100ml),0.36,100,ml,3.6,l,,
2015-11-19 05:00:14.570605,TESCO,212016,"Fresh/Chilled Orange Juice, eg. Tropicana",Chilled Juice,fresh orange juice,0.0,VITA COCO NATURAL COCONUT WATER WITH PINEAPPLE ...,£3.49,3.49,(£0.35/100ml),0.35,100,ml,3.5,l,,
2015-11-19 05:00:14.648261,TESCO,211709,"Shop Milk, whole milk",Fresh Milk,whole,0.0,DELAMERE DAIRY STERILISED LONGLIFE SEMI SKIMMED...,£1.10,1.1,(£1.10/l),1.1,1.0,l,1.1,l,,
2015-11-19 05:00:14.649691,TESCO,211709,"Shop Milk, whole milk",Fresh Milk,whole,0.0,ALMOND BREEZE ORIGINAL LONGLIFE MILK ALTERNATIV...,£1.50,1.5,(£1.50/l),1.5,1.0,l,1.5,l,All products available for this offer,Any 3 for £4.00
2015-11-19 05:00:14.652117,TESCO,211709,"Shop Milk, whole milk",Fresh Milk,whole,0.0,GOOD HEMP LONGLIFE MILK ALTERNATIVE 1L,£1.50,1.5,(£1.50/l),1.5,1.0,l,1.5,l,,
2015-11-19 05:00:14.653541,TESCO,211709,"Shop Milk, whole milk",Fresh Milk,whole,0.0,LACTOFREE MILK LONGLIFE PORTIONS 5X20ML,£0.65,0.65,(£6.50/l),6.5,1.0,l,6.5,l,,
2015-11-19 05:00:14.654938,TESCO,211709,"Shop Milk, whole milk",Fresh Milk,whole,0.0,EMMI CAFFE LATTE LIGHT 230ML,£1.00,1.0,(£0.44/100ml),0.44,100,ml,4.4,l,SAVE 35p Was £1.35 Now £1.00 - all products for this offer,SAVE 35p Was £1.35 Now £1.00
2015-11-19 05:00:14.656450,TESCO,211709,"Shop Milk, whole milk",Fresh Milk,whole,0.0,DELAMERE DAIRY STERILISED LONGLIFE SKIMMED MILK...,£1.10,1.1,(£1.10/l),1.1,1.0,l,1.1,l,,
2015-11-19 05:00:14.657840,TESCO,211709,"Shop Milk, whole milk",Fresh Milk,whole,0.0,ALPRO LONGLIFE OAT DRINK ALTERNATIVE 1 LITRE,£1.40,1.4,(£1.40/l),1.4,1.0,l,1.4,l,,
2015-11-19 05:00:14.659229,TESCO,211709,"Shop Milk, whole milk",Fresh Milk,whole,0.0,RUDE HEALTH ALMOND DRINK 1LTR,£1.99,1.99,(£1.99/l),1.99,1.0,l,1.99,l,,
2015-11-19 05:00:14.660654,TESCO,211709,"Shop Milk, whole milk",Fresh Milk,whole,0.0,CAFFIONATA ICED COFFEE CAPPUCCINO 250ML,£0.80,0.8,(£0.32/100ml),0.32,100,ml,3.2,l,,
2015-11-19 05:00:14.662050,TESCO,211709,"Shop Milk, whole milk",Fresh Milk,whole,0.0,A2 SEMISKIMMED MILK 1 LITRE,£1.39,1.39,(£1.39/l),1.39,1.0,l,1.39,l,,
2015-11-19 05:00:14.663593,TESCO,211709,"Shop Milk, whole milk",Fresh Milk,whole,0.0,ALPRO LONGLIFE HAZELNUT MILK ALTERNATIVE 1 LITR...,£1.70,1.7,(£1.70/l),1.7,1.0,l,1.7,l,,
2015-11-19 05:00:14.665033,TESCO,211709,"Shop Milk, whole milk",Fresh Milk,whole,0.0,STARBUCKS SEATTLE LATTE 220ML,£1.60,1.6,(£0.73/100ml),0.73,100,ml,7.3,l,,
2015-11-19 05:00:14.666426,TESCO,211709,"Shop Milk, whole milk",Fresh Milk,whole,0.0,MARS FLAVOURED MILK 1L,£1.80,1.8,(£0.18/100ml),0.18,100,ml,1.8,l,,
2015-11-19 05:00:14.667838,TESCO,211709,"Shop Milk, whole milk",Fresh Milk,whole,0.0,CRUSHA CHOCOLATE NO ADDED SUGAR 500ML,£1.00,1.0,(£0.20/100ml),0.2,100,ml,2.0,l,SAVE 79p Was £1.79 Now £1.00 - all products for this offer,SAVE 79p Was £1.79 Now £1.00
2015-11-19 05:00:14.669360,TESCO,211709,"Shop Milk, whole milk",Fresh Milk,whole,0.0,CAFFIONATA ICED COFFEE CARAMEL 250ML,£0.80,0.8,(£0.32/100ml),0.32,100,ml,3.2,l,,
2015-11-19 05:00:14.670749,TESCO,211709,"Shop Milk, whole milk",Fresh Milk,whole,0.0,FRIJJ REDUCED SUGAR STRAWBERRY 471ML,£0.65,0.65,(£0.14/100ml),0.14,100,ml,1.4,l,Half Price Was £1.30 Now 65p - all products for this offer,Half Price Was £1.30 Now 65p
2015-11-19 05:00:14.672257,TESCO,211709,"Shop Milk, whole milk",Fresh Milk,whole,0.0,MARS REFUEL SPORTSCAP 376ML,£1.30,1.3,(£0.35/100ml),0.35,100,ml,3.5,l,All products available for this offer,Any 2 for £2.00
2015-11-19 05:00:14.673766,TESCO,211709,"Shop Milk, whole milk",Fresh Milk,whole,1.0,LACTOFREE LONGLIFE WHOLE MILK 1L,£1.30,1.3,(£1.30/l),1.3,1.0,l,1.3,l,,
2015-11-19 05:00:14.675171,TESCO,211709,"Shop Milk, whole milk",Fresh Milk,whole,0.0,OATLY CHOCOLATE LONGLIFE MILK ALTERNATIVE 1L,£1.40,1.4,(£1.40/l),1.4,1.0,l,1.4,l,,
2015-11-19 05:00:14.676627,TESCO,211709,"Shop Milk, whole milk",Fresh Milk,whole,0.0,ALMOND BREEZE REDUCED SUGAR MILK ALTERNATIVE 1 ...,£1.50,1.5,(£1.50/l),1.5,1.0,l,1.5,l,All products available for this offer,Any 3 for £4.00
2015-11-19 05:00:14.763962,TESCO,310207,"Bitter, 4 cans, 3.4%-7.5% ABV",Beer - Ale & Bitter,bitter,0.0,OLD SPECKLED HEN MINI KEG 5 LITRE,£15.00,15.0,(£3.00/l),3.0,1.0,l,3.0,l,,
2015-11-19 05:00:14.765465,TESCO,310207,"Bitter, 4 cans, 3.4%-7.5% ABV",Beer - Ale & Bitter,bitter,0.0,BODDINGTONS 12X440ML,£10.00,10.0,(£1.90/l),1.9,1.0,l,1.9,l,,
2015-11-19 05:00:14.766877,TESCO,310207,"Bitter, 4 cans, 3.4%-7.5% ABV",Beer - Ale & Bitter,bitter,0.0,WORTHINGTONS WHITE SHIELD IPA 500ML,£1.99,1.99,(£3.98/l),3.98,1.0,l,3.98,l,All products available for this offer,Any 4 for £6.00
2015-11-19 05:00:14.768431,TESCO,310207,"Bitter, 4 cans, 3.4%-7.5% ABV",Beer - Ale & Bitter,bitter,0.0,ST AUSTELL ADMIRALS ALE 50CL,£1.99,1.99,(£3.98/l),3.98,1.0,l,3.98,l,All products available for this offer,Any 4 for £6.00
2015-11-19 05:00:14.769927,TESCO,310207,"Bitter, 4 cans, 3.4%-7.5% ABV",Beer - Ale & Bitter,bitter,0.0,TESCO FINEST AMERICAN DOUBLE IPA 330ML,£2.09,2.09,(£6.34/l),6.34,1.0,l,6.34,l,,
2015-11-19 05:00:14.771331,TESCO,310207,"Bitter, 4 cans, 3.4%-7.5% ABV",Beer - Ale & Bitter,bitter,0.0,FULLERS ESB 500ML,£1.79,1.79,(£3.58/l),3.58,1.0,l,3.58,l,All products available for this offer,Any 4 for £6.00
2015-11-19 05:00:14.772905,TESCO,310207,"Bitter, 4 cans, 3.4%-7.5% ABV",Beer - Ale & Bitter,bitter,0.0,MEANTIME LONDON LAGER 330ML,£1.79,1.79,(£5.43/l),5.43,1.0,l,5.43,l,All products available for this offer,Any 4 for £6.00
2015-11-19 05:00:14.774569,TESCO,310207,"Bitter, 4 cans, 3.4%-7.5% ABV",Beer - Ale & Bitter,bitter,0.0,MONTEZUMA CHOCOLATE LAGER 330ML,£1.79,1.79,(£5.43/l),5.43,1.0,l,5.43,l,All products available for this offer,Any 4 for £6.00
2015-11-19 05:00:14.776147,TESCO,310207,"Bitter, 4 cans, 3.4%-7.5% ABV",Beer - Ale & Bitter,bitter,0.0,YOUNGS SPECIAL LONDON ALE 500ML,£1.99,1.99,(£3.98/l),3.98,1.0,l,3.98,l,All products available for this offer,Any 4 for £6.00
2015-11-19 05:00:14.777643,TESCO,310207,"Bitter, 4 cans, 3.4%-7.5% ABV",Beer - Ale & Bitter,bitter,0.0,GREENE KING IPA 10X440 ML,£9.00,9.0,(£2.05/l),2.05,1.0,l,2.05,l,,
2015-11-19 05:00:14.779052,TESCO,310207,"Bitter, 4 cans, 3.4%-7.5% ABV",Beer - Ale & Bitter,bitter,0.0,FULLERS BENGAL LANCER ALE 500ML,£1.99,1.99,(£3.98/l),3.98,1.0,l,3.98,l,All products available for this offer,Any 4 for £6.00
2015-11-19 05:00:14.780605,TESCO,310207,"Bitter, 4 cans, 3.4%-7.5% ABV",Beer - Ale & Bitter,bitter,0.0,INNIS AND GUNN ORIGINAL 660ML,£2.49,2.49,(£3.78/l),3.78,1.0,l,3.78,l,,
2015-11-19 05:00:14.782023,TESCO,310207,"Bitter, 4 cans, 3.4%-7.5% ABV",Beer - Ale & Bitter,bitter,0.0,JOHN SMITHS GOLDEN ALE 4X500ML,£4.50,4.5,(£2.25/l),2.25,1.0,l,2.25,l,All products available for this offer,Any 2 for £8.00
2015-11-19 05:00:14.783542,TESCO,310207,"Bitter, 4 cans, 3.4%-7.5% ABV",Beer - Ale & Bitter,bitter,0.0,HOBGOBLIN MINI KEG 5 LITRE,£15.00,15.0,(£3.00/l),3.0,1.0,l,3.0,l,,
2015-11-19 05:00:14.785027,TESCO,310207,"Bitter, 4 cans, 3.4%-7.5% ABV",Beer - Ale & Bitter,bitter,0.0,TESCO RUBY ALE 500ML,£1.29,1.29,(£2.58/l),2.58,1.0,l,2.58,l,,
2015-11-19 05:00:14.786454,TESCO,310207,"Bitter, 4 cans, 3.4%-7.5% ABV",Beer - Ale & Bitter,bitter,0.0,FULLERS LONDON PRIDE 6X500ML,£8.00,8.0,(£2.67/l),2.67,1.0,l,2.67,l,,
2015-11-19 05:00:14.787917,TESCO,310207,"Bitter, 4 cans, 3.4%-7.5% ABV",Beer - Ale & Bitter,bitter,1.0,MARSTONS DRAUGHT PEDIGREE BITTER 4X440ML CANS,£4.50,4.5,(£2.56/l),2.56,1.0,l,2.56,l,All products available for this offer,Any 2 for £8.00
2015-11-19 05:00:14.789445,TESCO,310207,"Bitter, 4 cans, 3.4%-7.5% ABV",Beer - Ale & Bitter,bitter,0.0,ADNAMS EXPLORER 500ML (L),£1.79,1.79,(£3.58/l),3.58,1.0,l,3.58,l,All products available for this offer,Any 4 for £6.00
2015-11-19 05:00:14.790943,TESCO,310207,"Bitter, 4 cans, 3.4%-7.5% ABV",Beer - Ale & Bitter,bitter,0.0,GREENE KING IPA SMOOTH 4X440ML,£3.75,3.75,(£2.14/l),2.14,1.0,l,2.14,l,,
2015-11-19 05:00:14.792421,TESCO,310207,"Bitter, 4 cans, 3.4%-7.5% ABV",Beer - Ale & Bitter,bitter,0.0,HOBGOBLIN GOLD MINI KEG 5 LITRE,£15.00,15.0,(£3.00/l),3.0,1.0,l,3.0,l,,
2015-11-19 05:00:14.849758,TESCO,310419,"White Wine, European, bottle",White Wine,white wine,0.0,TESCO FINEST CHILEAN ORGANIC SAUVIGNON 75CL,£7.00,7.0,(£7.00/75cl),7.0,75,cl,9.3333,l,,
2015-11-19 05:00:14.852177,TESCO,310419,"White Wine, European, bottle",White Wine,white wine,0.0,VINEYARDS SOAVE 150CL,£7.70,7.7,(£3.85/75cl),3.85,75,cl,5.1333,l,,
2015-11-19 05:00:14.853619,TESCO,310419,"White Wine, European, bottle",White Wine,white wine,0.0,VINEYARDS FRASCATI DOC 75CL,£5.00,5.0,(£5.00/75cl),5.0,75,cl,6.6667,l,,
2015-11-19 05:00:14.855027,TESCO,310419,"White Wine, European, bottle",White Wine,white wine,0.0,LES DAUPHINS COTES DU RHONE BLANC 75CL,£7.50,7.5,(£7.50/75cl),7.5,75,cl,10.0,l,,
2015-11-19 05:00:14.856498,TESCO,310419,"White Wine, European, bottle",White Wine,white wine,0.0,BLUE NUN 75CL,£5.00,5.0,(£5.00/75cl),5.0,75,cl,6.6667,l,,
2015-11-19 05:00:14.857906,TESCO,310419,"White Wine, European, bottle",White Wine,white wine,0.0,GALLO SPRITZ PINEAPPLE AND PASSION FRUIT 75CL,£4.50,4.5,(£4.50/75cl),4.5,75,cl,6.0,l,,
2015-11-19 05:00:14.859314,TESCO,310419,"White Wine, European, bottle",White Wine,white wine,0.0,I HEART PINOT GRIGIO 75CL,£4.90,4.9,(£4.90/75cl),4.9,75,cl,6.5333,l,,
2015-11-19 05:00:14.860765,TESCO,310419,"White Wine, European, bottle",White Wine,white wine,0.0,TESCO FINEST PIWEN CHARDONNAY 75CL,£6.00,6.0,(£6.00/75cl),6.0,75,cl,8.0,l,,
2015-11-19 05:00:14.862304,TESCO,310419,"White Wine, European, bottle",White Wine,white wine,0.0,DARK HORSE CHARDONNAY 750 ML,£7.00,7.0,(£9.34/l),9.34,1.0,l,9.34,l,SAVE £2.00 Was £9.00 Now £7.00 - all products for this offer,SAVE £2.00 Was £9.00 Now £7.00
2015-11-19 05:00:14.863854,TESCO,310419,"White Wine, European, bottle",White Wine,white wine,0.0,FAMILLE CASTEL GRANDE RESERVE CHARDONNAY 75CL,£6.00,6.0,(£6.00/75cl),6.0,75,cl,8.0,l,SAVE £3.00 Was £9.00 Now £6.00 - all products for this offer,SAVE £3.00 Was £9.00 Now £6.00
2015-11-19 05:00:14.865373,TESCO,310419,"White Wine, European, bottle",White Wine,white wine,0.5,BLOSSOM HILL VIE 5.5% WHITE 75CL,£5.00,5.0,(£5.00/75cl),5.0,75,cl,6.6667,l,,
2015-11-19 05:00:14.866807,TESCO,310419,"White Wine, European, bottle",White Wine,white wine,0.5,TESCO FINEST WHITE BURGUNDY 75CL,£8.00,8.0,(£8.00/75cl),8.0,75,cl,10.6667,l,,
2015-11-19 05:00:14.868305,TESCO,310419,"White Wine, European, bottle",White Wine,white wine,0.0,GALLO FAMILY VINEYARDS CHARDONNAY 75CL,£6.50,6.5,(£6.50/75cl),6.5,75,cl,8.6667,l,,
2015-11-19 05:00:14.869732,TESCO,310419,"White Wine, European, bottle",White Wine,white wine,0.0,JACOB'S CREEK RESERVE SAUVIGNON 75CL,£7.25,7.25,(£7.25/75cl),7.25,75,cl,9.6667,l,,
2015-11-19 05:00:14.871140,TESCO,310419,"White Wine, European, bottle",White Wine,white wine,0.0,QUIRKY BIRD CHENIN SEMILLON MUSCAT 75CL,£4.50,4.5,(£4.50/75cl),4.5,75,cl,6.0,l,SAVE 75p Was £5.25 Now £4.50 - all products for this offer,SAVE 75p Was £5.25 Now £4.50
2015-11-19 05:00:14.873398,TESCO,310419,"White Wine, European, bottle",White Wine,white wine,0.5,CASILLERO DEVIL'S COLLECTION WHITE 75CL,£9.00,9.0,(£9.00/75cl),9.0,75,cl,12.0,l,,
2015-11-19 05:00:14.874838,TESCO,310419,"White Wine, European, bottle",White Wine,white wine,0.0,OGIO CHARDONNAY 75CL,£5.00,5.0,(£5.00/75cl),5.0,75,cl,6.6667,l,,
2015-11-19 05:00:14.876314,TESCO,310419,"White Wine, European, bottle",White Wine,white wine,0.0,TESCO FINEST AUSTRALIAN CHARDONNAY 75CL,£6.00,6.0,(£6.00/75cl),6.0,75,cl,8.0,l,,
2015-11-19 05:00:14.877745,TESCO,310419,"White Wine, European, bottle",White Wine,white wine,0.5,BAREFOOT REFRESH CRISP WHITE 75CL,£7.00,7.0,(£7.00/75cl),7.0,75,cl,9.3333,l,,
2015-11-19 05:00:14.879182,TESCO,310419,"White Wine, European, bottle",White Wine,white wine,0.0,BLACK TOWER PINOT GRIGIO 75CL (C),£4.75,4.75,(£4.75/75cl),4.75,75,cl,6.3333,l,SAVE 50p Was £5.25 Now £4.75 - all products for this offer,SAVE 50p Was £5.25 Now £4.75
2015-11-19 05:00:14.895405,TESCO,211814,"Yoghurt, small individual",Fat Free & Low Fat Yoghurt,yogurt single,0.0,TESCO FRENCH SET YOGHURT 6X125G,£1.00,1.0,(£0.13/100g),0.13,100,g,1.3,kg,,
2015-11-19 05:00:14.896959,TESCO,211814,"Yoghurt, small individual",Fat Free & Low Fat Yoghurt,yogurt single,0.0,TESCO STRAWBERRY AND RASPBERRY YOGHURT 4 X 100G,£1.25,1.25,(£0.31/100g),0.31,100,g,3.1,kg,,
2015-11-19 05:00:14.899260,TESCO,211814,"Yoghurt, small individual",Fat Free & Low Fat Yoghurt,yogurt single,0.0,IRISH DIET FAT FREE FRUIT YOGHURT 4X125G,£1.50,1.5,(£0.30/100g),0.3,100,g,3.0,kg,,
2015-11-19 05:00:14.900760,TESCO,211814,"Yoghurt, small individual",Fat Free & Low Fat Yoghurt,yogurt single,0.0,YEO VALLEY 0% FAT NATURAL YOGHURT 1KG,£2.50,2.5,(£0.25/100g),0.25,100,g,2.5,kg,,
2015-11-19 05:00:14.902189,TESCO,211814,"Yoghurt, small individual",Fat Free & Low Fat Yoghurt,yogurt single,0.0,ONKEN FAT FREE APRICOT WHOLEGRAIN YOGHURT 450G,£1.30,1.3,(£0.29/100g),0.29,100,g,2.9,kg,All products available for this offer,Any 2 for £2.00
2015-11-19 05:00:14.903747,TESCO,211814,"Yoghurt, small individual",Fat Free & Low Fat Yoghurt,yogurt single,0.0,TESCO LOW FAT TOFFEE YOGHURT 150G,£0.40,0.4,(£0.27/100g),0.27,100,g,2.7,kg,,
2015-11-19 05:00:14.905223,TESCO,211814,"Yoghurt, small individual",Fat Free & Low Fat Yoghurt,yogurt single,0.0,Y/VALLEY 0% FAT GREEK STYLE HONEY YOGHURT 4 X 1...,£2.00,2.0,(£0.42/100g),0.42,100,g,4.2,kg,All products available for this offer,Any 2 for £3.00
2015-11-19 05:00:14.906744,TESCO,211814,"Yoghurt, small individual",Fat Free & Low Fat Yoghurt,yogurt single,0.0,YEO VALLEY GREEK STYLE HONEY YOGHURT 450G,£1.80,1.8,(£0.40/100g),0.4,100,g,4.0,kg,All products available for this offer,Any 2 for £3.00
2015-11-19 05:00:14.908282,TESCO,211814,"Yoghurt, small individual",Fat Free & Low Fat Yoghurt,yogurt single,0.0,TOTAL 0% GREEK YOGHURT SPLIT POT RASPBERRY 170G,£1.10,1.1,(£0.65/100g),0.65,100,g,6.5,kg,All products available for this offer,Any 4 for £3.00
2015-11-19 05:00:14.910565,TESCO,211814,"Yoghurt, small individual",Fat Free & Low Fat Yoghurt,yogurt single,0.0,TESCO EVERYDAY VALUE LOW FAT STRAWBERRY YOGHURT...,£0.15,0.15,(£0.12/100g),0.12,100,g,1.2,kg,,
2015-11-19 05:00:14.912038,TESCO,211814,"Yoghurt, small individual",Fat Free & Low Fat Yoghurt,yogurt single,0.0,Y/VALLEY 0% FAT GREEK STYLE NATURAL YOGHURT 450...,£1.70,1.7,(£0.38/100g),0.38,100,g,3.8,kg,All products available for this offer,Any 2 for £3.00
2015-11-19 05:00:14.913611,TESCO,211814,"Yoghurt, small individual",Fat Free & Low Fat Yoghurt,yogurt single,0.0,TESCO LOW FAT STRAWBERRY YOGHURT 450G,£0.95,0.95,(£0.21/100g),0.21,100,g,2.1,kg,,
2015-11-19 05:00:14.915040,TESCO,211814,"Yoghurt, small individual",Fat Free & Low Fat Yoghurt,yogurt single,0.0,FRUYO 0% FAT STRAWBERRY GREEK YOGHURT 170G,£1.10,1.1,(£0.65/100g),0.65,100,g,6.5,kg,All products available for this offer,Any 4 for £3.00
2015-11-19 05:00:14.916629,TESCO,211814,"Yoghurt, small individual",Fat Free & Low Fat Yoghurt,yogurt single,0.0,WEIGHTWATCHERS MILK CHOCOLATE POTS 6 X 55G,£1.00,1.0,(£0.30/100g),0.3,100,g,3.0,kg,SAVE 99p Was £1.99 Now £1.00 - all products for this offer,SAVE 99p Was £1.99 Now £1.00
2015-11-19 05:00:14.918144,TESCO,211814,"Yoghurt, small individual",Fat Free & Low Fat Yoghurt,yogurt single,0.0,SKI TROPICAL FRUIT YOGHURT 4X120G,£1.00,1.0,(£0.21/100g),0.21,100,g,2.1,kg,,
2015-11-19 05:00:14.919599,TESCO,211814,"Yoghurt, small individual",Fat Free & Low Fat Yoghurt,yogurt single,0.0,IRISH DIET BERRIES YOGURTS 4X125G,£1.50,1.5,(£0.30/100g),0.3,100,g,3.0,kg,,
2015-11-19 05:00:14.921188,TESCO,211814,"Yoghurt, small individual",Fat Free & Low Fat Yoghurt,yogurt single,0.0,FRUYO 0% FAT BLUEBERRY GREEK YOGHURT 170G,£1.10,1.1,(£0.65/100g),0.65,100,g,6.5,kg,All products available for this offer,Any 4 for £3.00
2015-11-19 05:00:14.922738,TESCO,211814,"Yoghurt, small individual",Fat Free & Low Fat Yoghurt,yogurt single,0.0,TESCO HEALTHY LIVING STRAWBERRY TRIFLE 145G,£1.25,1.25,(£0.86/100g),0.86,100,g,8.6,kg,All products available for this offer,Any 2 for £1.80
2015-11-19 05:00:14.924332,TESCO,211814,"Yoghurt, small individual",Fat Free & Low Fat Yoghurt,yogurt single,0.0,ACTIVIA NATURAL LOW FAT YOGHURT 500G,£1.40,1.4,(£0.28/100g),0.28,100,g,2.8,kg,,
2015-11-19 05:00:14.925806,TESCO,211814,"Yoghurt, small individual",Fat Free & Low Fat Yoghurt,yogurt single,0.0,Y/VALLEY 0% FAT GREEK STYLE YOGHURT STRAWBERRY ...,£2.00,2.0,(£0.42/100g),0.42,100,g,4.2,kg,All products available for this offer,Any 2 for £3.00
2015-11-19 05:00:14.941523,TESCO,310421,"Red Wine, European, bottle",Red Wine,red wine,0.0,WOLF BLASS SILVER SHIRAZ CABERNET MALBEC 75CL,£9.00,9.0,(£9.00/75cl),9.0,75,cl,12.0,l,All products available for this offer,Only £9.00
2015-11-19 05:00:14.943034,TESCO,310421,"Red Wine, European, bottle",Red Wine,red wine,0.0,CAPE PEAK HERITAGE SHIRAZ 75CL,£4.50,4.5,(£4.50/75cl),4.5,75,cl,6.0,l,,
2015-11-19 05:00:14.944479,TESCO,310421,"Red Wine, European, bottle",Red Wine,red wine,0.0,TESCO VINTAGE CLARET 75CL,£5.00,5.0,(£5.00/75cl),5.0,75,cl,6.6667,l,,
2015-11-19 05:00:14.946767,TESCO,310421,"Red Wine, European, bottle",Red Wine,red wine,0.0,ROCCA ALATA VALPOLICELLA RIPASSO 75CL,£9.00,9.0,(£9.00/75cl),9.0,75,cl,12.0,l,,
2015-11-19 05:00:14.948238,TESCO,310421,"Red Wine, European, bottle",Red Wine,red wine,0.0,FIRST CAPE SPECIAL CUVEE CABARNETSAUV 75CL,£6.00,6.0,(£6.00/75cl),6.0,75,cl,8.0,l,SAVE £2.00 Was £8.00 Now £6.00 - all products for this offer,SAVE £2.00 Was £8.00 Now £6.00
2015-11-19 05:00:14.949710,TESCO,310421,"Red Wine, European, bottle",Red Wine,red wine,0.0,BAREFOOT CABERNET SAUVIGNON 75CL,£7.00,7.0,(£7.00/75cl),7.0,75,cl,9.3333,l,,
2015-11-19 05:00:14.951104,TESCO,310421,"Red Wine, European, bottle",Red Wine,red wine,0.0,TESCO FINEST RIOJA GRAN RESERVA 75CL,£10.00,10.0,(£10.00/75cl),10.0,75,cl,13.3333,l,,
2015-11-19 05:00:14.952574,TESCO,310421,"Red Wine, European, bottle",Red Wine,red wine,0.5,TESCO FINEST STELLENBOSCH RED 75CL,£6.50,6.5,(£6.50/75cl),6.5,75,cl,8.6667,l,,
2015-11-19 05:00:14.953982,TESCO,310421,"Red Wine, European, bottle",Red Wine,red wine,0.5,TESCO RED BURGUNDY 75CL,£8.00,8.0,(£8.00/75cl),8.0,75,cl,10.6667,l,,
2015-11-19 05:00:14.955385,TESCO,310421,"Red Wine, European, bottle",Red Wine,red wine,0.0,TESCO FINEST CROZES HERMITAGE 75 CL,£8.00,8.0,(£8.00/75cl),8.0,75,cl,10.6667,l,,
2015-11-19 05:00:14.956973,TESCO,310421,"Red Wine, European, bottle",Red Wine,red wine,0.0,TESCO FINEST MUNDULLA/HOWCROF SHIRAZ 75CL,£6.00,6.0,(£6.00/75cl),6.0,75,cl,8.0,l,,
2015-11-19 05:00:14.958390,TESCO,310421,"Red Wine, European, bottle",Red Wine,red wine,0.5,APOTHIC RED 75CL,£10.00,10.0,(£10.00/75cl),10.0,75,cl,13.3333,l,,
2015-11-19 05:00:14.959806,TESCO,310421,"Red Wine, European, bottle",Red Wine,red wine,0.0,GALLO FAMILY VINEYARDS PINOT NOIR 75CL,£6.50,6.5,(£6.50/75cl),6.5,75,cl,8.6667,l,,
2015-11-19 05:00:14.961254,TESCO,310421,"Red Wine, European, bottle",Red Wine,red wine,0.0,TESCO BEAUJOLAIS VILLAGES 75CL,£6.00,6.0,(£6.00/75cl),6.0,75,cl,8.0,l,,
2015-11-19 05:00:14.962645,TESCO,310421,"Red Wine, European, bottle",Red Wine,red wine,0.0,TESCO FINEST CHATEAU FONGUILLON MONTAGNE ST EMI...,£8.00,8.0,(£8.00/75cl),8.0,75,cl,10.6667,l,,
2015-11-19 05:00:14.964110,TESCO,310421,"Red Wine, European, bottle",Red Wine,red wine,0.0,PALAIS ST VIGNI COTES DU RHONE VILLAGES 75CL,£10.00,10.0,(£10.00/75cl),10.0,75,cl,13.3333,l,,
2015-11-19 05:00:14.965512,TESCO,310421,"Red Wine, European, bottle",Red Wine,red wine,0.0,GALLO FAMILY VINEYARDS CABERNET SAUVIGNON 75CL,£6.50,6.5,(£6.50/75cl),6.5,75,cl,8.6667,l,,
2015-11-19 05:00:14.966918,TESCO,310421,"Red Wine, European, bottle",Red Wine,red wine,0.0,LOUIS JADOT BEAUJOLAIS VILLAGES 75CL,£10.00,10.0,(£10.00/75cl),10.0,75,cl,13.3333,l,,
2015-11-19 05:00:14.968396,TESCO,310421,"Red Wine, European, bottle",Red Wine,red wine,0.0,OYSTER BAY PINOT NOIR 75CL,£9.75,9.75,(£9.75/75cl),9.75,75,cl,13.0,l,,
2015-11-19 05:00:14.969829,TESCO,310421,"Red Wine, European, bottle",Red Wine,red wine,0.0,FAIRHILLS CAPE ORIGIN SHIRAZ MALBEC 75CL,£6.00,6.0,(£6.00/75cl),6.0,75,cl,8.0,l,,
2015-11-19 05:00:15.126415,TESCO,211709,"Shop Milk, whole milk",Fresh Milk,whole,0.0,OATLY LONGLIFE ALTERNATIVE TO CREAM 250G,£0.75,0.75,(£3.00/l),3.0,1.0,l,3.0,l,,
2015-11-19 05:00:15.127945,TESCO,211709,"Shop Milk, whole milk",Fresh Milk,whole,0.0,ALPRO FRESH HAZELNUT MILK ALTERNATIVE 1 LITRE,£1.80,1.8,(£1.80/l),1.8,1.0,l,1.8,l,,
2015-11-19 05:00:15.130395,TESCO,211709,"Shop Milk, whole milk",Fresh Milk,whole,0.0,TESCO FREE FROM FRESH ALMOND MILK ALTERNATIVE 1...,£1.50,1.5,(£0.15/100ml),0.15,100,ml,1.5,l,,
2015-11-19 05:00:15.131867,TESCO,211709,"Shop Milk, whole milk",Fresh Milk,whole,0.0,COCONUT DREAM ORIGINAL PLUS CALCIUM MILK ALTERN...,£1.40,1.4,(£1.40/l),1.4,1.0,l,1.4,l,,
2015-11-19 05:00:15.133309,TESCO,211709,"Shop Milk, whole milk",Fresh Milk,whole,0.0,ALPRO LONGLIFE CHOCOLATE ALMOND MILK ALTERNATIV...,£1.70,1.7,(£1.70/l),1.7,1.0,l,1.7,l,,
2015-11-19 05:00:15.134714,TESCO,211709,"Shop Milk, whole milk",Fresh Milk,whole,0.0,ALPRO LONGLIFE VANILLA SOYA MILK ALTERNATIVE 3 ...,£1.30,1.3,(£1.74/l),1.74,1.0,l,1.74,l,,
2015-11-19 05:00:15.136172,TESCO,211709,"Shop Milk, whole milk",Fresh Milk,whole,0.0,ALPRO FRESH SIMPLY MILD SOYA MILK ALTERNATIVE 1...,£1.40,1.4,(£1.40/l),1.4,1.0,l,1.4,l,,
2015-11-19 05:00:15.137587,TESCO,211709,"Shop Milk, whole milk",Fresh Milk,whole,0.0,TESCO CHOCOLATE MILK 330ML,£0.60,0.6,(£0.18/100ml),0.18,100,ml,1.8,l,,
2015-11-19 05:00:15.139005,TESCO,211709,"Shop Milk, whole milk",Fresh Milk,whole,0.0,RICE DREAM ORIGINAL FRESH MILK ALTERNATIVE 1 LI...,£1.00,1.0,(£1.00/l),1.0,1.0,l,1.0,l,SAVE 50p Was £1.50 Now £1.00 - all products for this offer,SAVE 50p Was £1.50 Now £1.00
2015-11-19 05:00:15.144504,TESCO,211709,"Shop Milk, whole milk",Fresh Milk,whole,0.0,STARBUCKS MOCHA FRAPPUCCINO 250ML,£1.80,1.8,(£0.72/100ml),0.72,100,ml,7.2,l,,
2015-11-19 05:00:15.145941,TESCO,211709,"Shop Milk, whole milk",Fresh Milk,whole,0.0,ALPRO SOYA CHOCOLATE DRINK 1 LITRE,£1.40,1.4,(£1.40/l),1.4,1.0,l,1.4,l,,
2015-11-19 05:00:15.147359,TESCO,211709,"Shop Milk, whole milk",Fresh Milk,whole,0.0,TESCO ORGANIC LONGLIFE SWEETENED SOYA MILK 1 LI...,£1.00,1.0,(£1.00/l),1.0,1.0,l,1.0,l,,
2015-11-19 05:00:15.148832,TESCO,211709,"Shop Milk, whole milk",Fresh Milk,whole,0.0,STARBUCKS DOUBLESHOT 200ML,£1.60,1.6,(£0.80/100ml),0.8,100,ml,8.0,l,,
2015-11-19 05:00:15.150392,TESCO,211709,"Shop Milk, whole milk",Fresh Milk,whole,0.0,SHAKEN UDDER CHOCOLUSH MILKSHAKE 330ML,£1.00,1.0,(£0.30/100ml),0.3,100,ml,3.0,l,SAVE 30p Was £1.30 Now £1.00 - all products for this offer,SAVE 30p Was £1.30 Now £1.00
2015-11-19 05:00:15.151896,TESCO,211709,"Shop Milk, whole milk",Fresh Milk,whole,0.0,GALAXY THICK SHAKE 376ML,£1.30,1.3,(£0.35/100ml),0.35,100,ml,3.5,l,All products available for this offer,Any 2 for £2.00
2015-11-19 05:00:15.153415,TESCO,211709,"Shop Milk, whole milk",Fresh Milk,whole,0.0,OAT DREAM MILK ALTERNATIVE 1L,£1.40,1.4,(£1.40/l),1.4,1.0,l,1.4,l,,
2015-11-19 05:00:15.159079,TESCO,211709,"Shop Milk, whole milk",Fresh Milk,whole,0.0,STARBUCKS VANILLA FRAPPUCCINO250ML,£1.80,1.8,(£0.72/100ml),0.72,100,ml,7.2,l,,
2015-11-19 05:00:15.160559,TESCO,211709,"Shop Milk, whole milk",Fresh Milk,whole,0.0,STARBUCKS QUANDI CARAMEL LATTE 220 ML,£1.60,1.6,(£0.73/100ml),0.73,100,ml,7.3,l,,
2015-11-19 05:00:15.161962,TESCO,211709,"Shop Milk, whole milk",Fresh Milk,whole,0.0,SHAKEN UDDER VANILLA-LICIOUS MILKSHAKE 330ML,£1.00,1.0,(£0.30/100ml),0.3,100,ml,3.0,l,SAVE 30p Was £1.30 Now £1.00 - all products for this offer,SAVE 30p Was £1.30 Now £1.00
2015-11-19 05:00:15.173496,TESCO,212016,"Fresh/Chilled Orange Juice, eg. Tropicana",Chilled Juice,fresh orange juice,0.33,COPELLA APPLE JUICE 300ML,£1.19,1.19,(£0.40/100ml),0.4,100,ml,4.0,l,,
2015-11-19 05:00:15.174963,TESCO,212016,"Fresh/Chilled Orange Juice, eg. Tropicana",Chilled Juice,fresh orange juice,0.0,COLDPRESS MEAN GREENS 500ML,£2.00,2.0,(£0.40/100ml),0.4,100,ml,4.0,l,SAVE 79p Was £2.79 Now £2.00 - all products for this offer,SAVE 79p Was £2.79 Now £2.00
2015-11-19 05:00:15.178952,TESCO,212016,"Fresh/Chilled Orange Juice, eg. Tropicana",Chilled Juice,fresh orange juice,0.67,TROPICANA SMOOTH ORANGE JUICE 1.4 LITRE,£2.00,2.0,(£0.14/100ml),0.14,100,ml,1.4,l,SAVE £1.00 Was £3.00 Now £2.00 - all products for this offer,SAVE £1.00 Was £3.00 Now £2.00
2015-11-19 05:00:15.180591,TESCO,212016,"Fresh/Chilled Orange Juice, eg. Tropicana",Chilled Juice,fresh orange juice,0.0,SUNNY D FLORIDA STYLE 500ML,£1.05,1.05,(£0.21/100ml),0.21,100,ml,2.1,l,,
2015-11-19 05:00:15.182017,TESCO,212016,"Fresh/Chilled Orange Juice, eg. Tropicana",Chilled Juice,fresh orange juice,0.67,TROPICANA ORIGINAL ORANGE JUICE 300ML,£1.19,1.19,(£0.40/100ml),0.4,100,ml,4.0,l,,
2015-11-19 05:00:15.183448,TESCO,212016,"Fresh/Chilled Orange Juice, eg. Tropicana",Chilled Juice,fresh orange juice,0.33,COLDPRESS PINK LADY APPLE JUICE 750ML,£2.00,2.0,(£0.27/100ml),0.27,100,ml,2.7,l,SAVE 79p Was £2.79 Now £2.00 - all products for this offer,SAVE 79p Was £2.79 Now £2.00
2015-11-19 05:00:15.184998,TESCO,212016,"Fresh/Chilled Orange Juice, eg. Tropicana",Chilled Juice,fresh orange juice,0.33,CRACKER SKINNY JUICE PRESSED LEMONADE 1L,£2.35,2.35,(£0.24/100ml),0.24,100,ml,2.4,l,,
2015-11-19 05:00:15.186426,TESCO,212016,"Fresh/Chilled Orange Juice, eg. Tropicana",Chilled Juice,fresh orange juice,0.67,TESCO FINEST FRESHLY SQUEEZED ORANGE JUICE 250 ...,£1.00,1.0,(£0.40/100ml),0.4,100,ml,4.0,l,,
2015-11-19 05:00:15.187874,TESCO,212016,"Fresh/Chilled Orange Juice, eg. Tropicana",Chilled Juice,fresh orange juice,0.33,CAWSTON PRESS SWEET GREENS VEGETABLE JUICE 750M...,£2.99,2.99,(£0.40/100ml),0.4,100,ml,4.0,l,,
2015-11-19 05:00:15.195487,TESCO,310207,"Bitter, 4 cans, 3.4%-7.5% ABV",Beer - Ale & Bitter,bitter,0.0,ADNAMS LIGHTHOUSE 500ML,£1.79,1.79,(£3.58/l),3.58,1.0,l,3.58,l,All products available for this offer,Any 4 for £6.00
2015-11-19 05:00:15.197019,TESCO,310207,"Bitter, 4 cans, 3.4%-7.5% ABV",Beer - Ale & Bitter,bitter,0.0,GREENE KING IPA SELECTION 6X500ML,£8.00,8.0,(£2.67/l),2.67,1.0,l,2.67,l,,
2015-11-19 05:00:15.198415,TESCO,310207,"Bitter, 4 cans, 3.4%-7.5% ABV",Beer - Ale & Bitter,bitter,0.0,GREENE KING GOLDEN BEER COLLECTION 6X500ML,£8.00,8.0,(£2.67/l),2.67,1.0,l,2.67,l,,
2015-11-19 05:00:15.199857,TESCO,212016,"Fresh/Chilled Orange Juice, eg. Tropicana",Chilled Juice,fresh orange juice,0.0,TESCO REDUCED CALORIE APPLE 750ML,£1.40,1.4,(£0.19/100ml),0.19,100,ml,1.9,l,All products available for this offer,Any 3 for £3.50
2015-11-19 05:00:15.201389,TESCO,212016,"Fresh/Chilled Orange Juice, eg. Tropicana",Chilled Juice,fresh orange juice,0.33,TESCO COLD PRESSED GOING GREEN JUICE 750ML,£3.20,3.2,(£0.43/100ml),0.43,100,ml,4.3,l,,
2015-11-19 05:00:15.202812,TESCO,212016,"Fresh/Chilled Orange Juice, eg. Tropicana",Chilled Juice,fresh orange juice,0.67,TROPICANA ORANGE AND MANGO JUICE 300ML,£1.19,1.19,(£0.40/100ml),0.4,100,ml,4.0,l,,
2015-11-19 05:00:15.204292,TESCO,212016,"Fresh/Chilled Orange Juice, eg. Tropicana",Chilled Juice,fresh orange juice,0.33,CAWSTON PRESS SUNSHINE BLEND VEGETABLE JUICE 75...,£2.99,2.99,(£0.40/100ml),0.4,100,ml,4.0,l,,
2015-11-19 05:00:15.205704,TESCO,212016,"Fresh/Chilled Orange Juice, eg. Tropicana",Chilled Juice,fresh orange juice,0.67,TROPICANA ORANGE AND RASPBERRY JUICE 300ML,£1.19,1.19,(£0.40/100ml),0.4,100,ml,4.0,l,,
2015-11-19 05:00:15.207113,TESCO,212016,"Fresh/Chilled Orange Juice, eg. Tropicana",Chilled Juice,fresh orange juice,0.0,TESCO JUICY WATER APPLE BERRY NOT FROM CONCENTR...,£1.50,1.5,(£0.25/100ml),0.25,100,ml,2.5,l,,
2015-11-19 05:00:15.208564,TESCO,212016,"Fresh/Chilled Orange Juice, eg. Tropicana",Chilled Juice,fresh orange juice,0.0,COLDPRESS JUICY ROOTS 500ML,£2.00,2.0,(£0.40/100ml),0.4,100,ml,4.0,l,SAVE 79p Was £2.79 Now £2.00 - all products for this offer,SAVE 79p Was £2.79 Now £2.00
2015-11-19 05:00:15.210060,TESCO,310207,"Bitter, 4 cans, 3.4%-7.5% ABV",Beer - Ale & Bitter,bitter,0.0,CROUCH VALE BREWERS GOLD 500ML,£1.79,1.79,(£3.58/l),3.58,1.0,l,3.58,l,All products available for this offer,Any 4 for £6.00
2015-11-19 05:00:15.211580,TESCO,310207,"Bitter, 4 cans, 3.4%-7.5% ABV",Beer - Ale & Bitter,bitter,0.0,BIG JOB IPA 500ML,£2.29,2.29,(£4.58/l),4.58,1.0,l,4.58,l,,
2015-11-19 05:00:15.213062,TESCO,310207,"Bitter, 4 cans, 3.4%-7.5% ABV",Beer - Ale & Bitter,bitter,0.0,TESCO BOTTLE CONDITIONED GOLDEN ALE 500ML,£1.79,1.79,(£3.58/l),3.58,1.0,l,3.58,l,All products available for this offer,Any 4 for £6.00
2015-11-19 05:00:15.214540,TESCO,310207,"Bitter, 4 cans, 3.4%-7.5% ABV",Beer - Ale & Bitter,bitter,0.0,ADNAMS SPINDRIFT BEER 330ML,£1.79,1.79,(£5.43/l),5.43,1.0,l,5.43,l,All products available for this offer,Any 4 for £6.00
2015-11-19 05:00:15.216075,TESCO,310207,"Bitter, 4 cans, 3.4%-7.5% ABV",Beer - Ale & Bitter,bitter,0.0,CROUCH VALE AMARILLO ALE 500ML,£1.79,1.79,(£3.58/l),3.58,1.0,l,3.58,l,All products available for this offer,Any 4 for £6.00
2015-11-19 05:00:15.217547,TESCO,310207,"Bitter, 4 cans, 3.4%-7.5% ABV",Beer - Ale & Bitter,bitter,0.0,AURELIO 330ML,£1.79,1.79,(£5.43/l),5.43,1.0,l,5.43,l,All products available for this offer,Any 4 for £6.00
2015-11-19 05:00:15.219018,TESCO,310207,"Bitter, 4 cans, 3.4%-7.5% ABV",Beer - Ale & Bitter,bitter,0.0,MORLAND OLD SPIRITED HEN 500ML,£1.00,1.0,(£2.00/l),2.0,1.0,l,2.0,l,,
2015-11-19 05:00:15.220488,TESCO,212016,"Fresh/Chilled Orange Juice, eg. Tropicana",Chilled Juice,fresh orange juice,0.0,GRACE ALOE REFRESH MANGO DRINK 500ML,£1.39,1.39,(£0.28/100ml),0.28,100,ml,2.8,l,,
2015-11-19 05:00:15.221929,TESCO,212016,"Fresh/Chilled Orange Juice, eg. Tropicana",Chilled Juice,fresh orange juice,0.0,RUBICON GUAVA CHILLED 1L,£2.29,2.29,(£2.29/100ml),2.29,100,ml,22.9,l,,
2015-11-19 05:00:15.223347,TESCO,212016,"Fresh/Chilled Orange Juice, eg. Tropicana",Chilled Juice,fresh orange juice,0.0,COLDPRESS PUMPKIN POWER 500ML,£2.00,2.0,(£0.40/100ml),0.4,100,ml,4.0,l,SAVE 79p Was £2.79 Now £2.00 - all products for this offer,SAVE 79p Was £2.79 Now £2.00
2015-11-19 05:00:15.224881,TESCO,212016,"Fresh/Chilled Orange Juice, eg. Tropicana",Chilled Juice,fresh orange juice,0.33,"CRACKER SKINNY JUICE PINEAPPLE, COCO AND LIME 1...",£2.35,2.35,(£0.24/100ml),0.24,100,ml,2.4,l,,
2015-11-19 05:00:15.229458,TESCO,310207,"Bitter, 4 cans, 3.4%-7.5% ABV",Beer - Ale & Bitter,bitter,0.0,ADNAMS GUN HILL 500ML (L),£1.79,1.79,(£3.58/l),3.58,1.0,l,3.58,l,All products available for this offer,Any 4 for £6.00
2015-11-19 05:00:15.230968,TESCO,310207,"Bitter, 4 cans, 3.4%-7.5% ABV",Beer - Ale & Bitter,bitter,0.0,ST PETER'S GOLDEN ALE 500ML (L),£1.79,1.79,(£3.58/l),3.58,1.0,l,3.58,l,All products available for this offer,Any 4 for £6.00
2015-11-19 05:00:15.232503,TESCO,310207,"Bitter, 4 cans, 3.4%-7.5% ABV",Beer - Ale & Bitter,bitter,0.0,OLD GOLDEN HEN 5 LITRES,£15.00,15.0,(£3.00/l),3.0,1.0,l,3.0,l,,
2015-11-19 05:00:15.233914,TESCO,310207,"Bitter, 4 cans, 3.4%-7.5% ABV",Beer - Ale & Bitter,bitter,0.0,ST PETERS CHRISTMAS ALE 500ML,£2.49,2.49,(£4.98/l),4.98,1.0,l,4.98,l,All products available for this offer,Any 4 for £6.00
2015-11-19 05:00:15.235412,TESCO,310207,"Bitter, 4 cans, 3.4%-7.5% ABV",Beer - Ale & Bitter,bitter,0.0,ROCKING RUDOLPH ALE 500ML,£1.99,1.99,(£3.98/l),3.98,1.0,l,3.98,l,All products available for this offer,Any 4 for £6.00
2015-11-19 05:00:15.236941,TESCO,310207,"Bitter, 4 cans, 3.4%-7.5% ABV",Beer - Ale & Bitter,bitter,0.0,ST PETER'S ORGANIC ALE 500ML,£1.79,1.79,(£3.58/l),3.58,1.0,l,3.58,l,All products available for this offer,Any 4 for £6.00
2015-11-19 05:00:15.238428,TESCO,310207,"Bitter, 4 cans, 3.4%-7.5% ABV",Beer - Ale & Bitter,bitter,0.0,YULE LOVE IT 500ML,£1.99,1.99,(£3.98/l),3.98,1.0,l,3.98,l,All products available for this offer,Any 4 for £6.00
2015-11-19 05:00:15.240008,TESCO,310207,"Bitter, 4 cans, 3.4%-7.5% ABV",Beer - Ale & Bitter,bitter,0.0,BLITZEN 500ML,£1.79,1.79,(£3.58/l),3.58,1.0,l,3.58,l,All products available for this offer,Any 4 for £6.00
2015-11-19 05:00:15.306953,TESCO,310419,"White Wine, European, bottle",White Wine,white wine,0.0,GALLO FAMILY VINEYARDS MOSCATO 75CL,£5.00,5.0,(£5.00/75cl),5.0,75,cl,6.6667,l,SAVE £1.50 Was £6.50 Now £5.00 - all products for this offer,SAVE £1.50 Was £6.50 Now £5.00
2015-11-19 05:00:15.308547,TESCO,310419,"White Wine, European, bottle",White Wine,white wine,0.0,GALLO FAMILY VINEYARDS PINOT GRIGIO 75CL,£6.50,6.5,(£6.50/75cl),6.5,75,cl,8.6667,l,,
2015-11-19 05:00:15.309952,TESCO,310419,"White Wine, European, bottle",White Wine,white wine,0.0,ORVIETO CLASSICO D.O.C. 75CL,£5.25,5.25,(£5.25/75cl),5.25,75,cl,7.0,l,,
2015-11-19 05:00:15.312301,TESCO,310419,"White Wine, European, bottle",White Wine,white wine,0.0,TRIVENTO RESERVE CHARDONNAY 75CL,£6.00,6.0,(£6.00/75cl),6.0,75,cl,8.0,l,SAVE £3.00 Was £9.00 Now £6.00 - all products for this offer,SAVE £3.00 Was £9.00 Now £6.00
2015-11-19 05:00:15.313807,TESCO,310419,"White Wine, European, bottle",White Wine,white wine,0.5,LA PRENSA WHITE 100CL,£4.00,4.0,(£3.00/75cl),3.0,75,cl,4.0,l,,
2015-11-19 05:00:15.315204,TESCO,310419,"White Wine, European, bottle",White Wine,white wine,0.0,CONO SUR BICICLETA CHARDONNAY 75CL,£7.00,7.0,(£7.00/75cl),7.0,75,cl,9.3333,l,,
2015-11-19 05:00:15.316647,TESCO,310419,"White Wine, European, bottle",White Wine,white wine,0.0,VILLA TAURINI GRILLO/SAUVIGNON BLANC 75CL,£5.50,5.5,(£5.50/75cl),5.5,75,cl,7.3333,l,,
2015-11-19 05:00:15.318047,TESCO,310419,"White Wine, European, bottle",White Wine,white wine,0.0,PARRA ALTA CHARDONNAY 75CL,£5.00,5.0,(£5.00/75cl),5.0,75,cl,6.6667,l,,
2015-11-19 05:00:15.319442,TESCO,310419,"White Wine, European, bottle",White Wine,white wine,0.0,VALLADE GAVI DOCG 75CL,£6.00,6.0,(£6.00/75cl),6.0,75,cl,8.0,l,,
2015-11-19 05:00:15.320883,TESCO,310419,"White Wine, European, bottle",White Wine,white wine,0.0,TESCO FINEST MUSCADET 75CL,£6.00,6.0,(£6.00/75cl),6.0,75,cl,8.0,l,,
2015-11-19 05:00:15.322407,TESCO,310419,"White Wine, European, bottle",White Wine,white wine,0.0,LA FOLIE DOUCE CHARDONNAY 75CL,£5.00,5.0,(£5.00/75cl),5.0,75,cl,6.6667,l,,
2015-11-19 05:00:15.323860,TESCO,310419,"White Wine, European, bottle",White Wine,white wine,0.0,TESCO FINEST ST MONT 75CL,£5.50,5.5,(£5.50/75cl),5.5,75,cl,7.3333,l,,
2015-11-19 05:00:15.325292,TESCO,310419,"White Wine, European, bottle",White Wine,white wine,0.0,TESCO FINEST SAUVIGNON BLANC FURMINT 75CL,£6.00,6.0,(£6.00/75cl),6.0,75,cl,8.0,l,,
2015-11-19 05:00:15.326694,TESCO,310419,"White Wine, European, bottle",White Wine,white wine,0.0,BOUCHARD GRAND CONSEILLER CHARDONNAY 75CL,£8.00,8.0,(£8.00/75cl),8.0,75,cl,10.6667,l,,
2015-11-19 05:00:15.328132,TESCO,310419,"White Wine, European, bottle",White Wine,white wine,0.0,CHEMINS DE GASCOGNE BLANC 75CL,£5.00,5.0,(£5.00/75cl),5.0,75,cl,6.6667,l,,
2015-11-19 05:00:15.329523,TESCO,310419,"White Wine, European, bottle",White Wine,white wine,0.0,HERITIERS DE LA FAMILLE CHABLIS 75CL,£11.00,11.0,(£11.00/75cl),11.0,75,cl,14.6667,l,,
2015-11-19 05:00:15.330945,TESCO,310419,"White Wine, European, bottle",White Wine,white wine,0.0,VILLA MARIA PRIVATE BIN CHARDONNAY 75CL,£7.50,7.5,(£7.50/75cl),7.5,75,cl,10.0,l,SAVE £2.00 Was £9.50 Now £7.50 - all products for this offer,SAVE £2.00 Was £9.50 Now £7.50
2015-11-19 05:00:15.332926,TESCO,310419,"White Wine, European, bottle",White Wine,white wine,0.0,JACOB'S CREEK SEMILLON CHARDONNAY 75CL,£5.00,5.0,(£5.00/75cl),5.0,75,cl,6.6667,l,SAVE £1.50 Was £6.50 Now £5.00 - all products for this offer,SAVE £1.50 Was £6.50 Now £5.00
2015-11-19 05:00:15.334461,TESCO,310419,"White Wine, European, bottle",White Wine,white wine,0.0,WOLF BLASS SILVER LABEL CHARDONNAY 75CL,£9.00,9.0,(£9.00/75cl),9.0,75,cl,12.0,l,All products available for this offer,Only £9.00
2015-11-19 05:00:15.335987,TESCO,310419,"White Wine, European, bottle",White Wine,white wine,0.0,FINEST* GRECHETTO 75CL,£6.00,6.0,(£6.00/75cl),6.0,75,cl,8.0,l,,
2015-11-19 05:00:15.365645,TESCO,211814,"Yoghurt, small individual",Fat Free & Low Fat Yoghurt,yogurt single,0.0,FRUYO PEACH 0% FAT GREEK YOGHURT 170G,£1.10,1.1,(£0.65/100g),0.65,100,g,6.5,kg,All products available for this offer,Any 4 for £3.00
2015-11-19 05:00:15.367200,TESCO,211814,"Yoghurt, small individual",Fat Free & Low Fat Yoghurt,yogurt single,0.0,TESCO HEALTHY LIVING CHOCOLATE SUNDAE 120G,£1.00,1.0,(£0.83/100g),0.83,100,g,8.3,kg,All products available for this offer,Any 2 for £1.80
2015-11-19 05:00:15.368809,TESCO,211814,"Yoghurt, small individual",Fat Free & Low Fat Yoghurt,yogurt single,0.0,YEO VALLEY 0% GREEK STYLE YOGHURT WITH VANILLA ...,£1.80,1.8,(£0.40/100g),0.4,100,g,4.0,kg,All products available for this offer,Any 2 for £3.00
2015-11-19 05:00:15.370449,TESCO,211814,"Yoghurt, small individual",Fat Free & Low Fat Yoghurt,yogurt single,0.0,TESCO WHIPPED GREEK STYLE STRAWBERRY YOGURTS 4 ...,£1.50,1.5,(£0.48/100g),0.48,100,g,4.8,kg,,
2015-11-19 05:00:15.371944,TESCO,211814,"Yoghurt, small individual",Fat Free & Low Fat Yoghurt,yogurt single,0.0,YEO VALLEY 0% FAT VANILLA AND GRANOLA YOG135G,£1.00,1.0,(£0.74/100g),0.74,100,g,7.4,kg,,
2015-11-19 05:00:15.373431,TESCO,211814,"Yoghurt, small individual",Fat Free & Low Fat Yoghurt,yogurt single,0.0,LIBERTE BLEND APRICOT MUSELI YOGHURT 140G,£1.00,1.0,(£0.71/100g),0.71,100,g,7.1,kg,All products available for this offer,Any 4 for £3.00
2015-11-19 05:00:15.374954,TESCO,211814,"Yoghurt, small individual",Fat Free & Low Fat Yoghurt,yogurt single,0.0,NEW PROBIOTIC LOW FAT MANGO YOGHURT 450G,£1.00,1.0,(£0.22/100g),0.22,100,g,2.2,kg,SAVE 20p Was £1.20 Now £1.00 - all products for this offer,SAVE 20p Was £1.20 Now £1.00
2015-11-19 05:00:15.376498,TESCO,211814,"Yoghurt, small individual",Fat Free & Low Fat Yoghurt,yogurt single,0.0,TESCO WHIPPED GREEK STYLE LEMON YOGHURT 4X78G,£1.50,1.5,(£0.48/100g),0.48,100,g,4.8,kg,,
2015-11-19 05:00:15.377917,TESCO,211814,"Yoghurt, small individual",Fat Free & Low Fat Yoghurt,yogurt single,0.0,LIBERTE BLEND MUSELI SUMMER FRUITS YOGHURT 140G,£1.00,1.0,(£0.71/100g),0.71,100,g,7.1,kg,All products available for this offer,Any 4 for £3.00
2015-11-19 05:00:15.379410,TESCO,211814,"Yoghurt, small individual",Fat Free & Low Fat Yoghurt,yogurt single,0.0,TESCO FINEST GREEK YOGHURT 0% FAT 170G,£0.80,0.8,(£0.47/100g),0.47,100,g,4.7,kg,,
2015-11-19 05:00:15.383992,TESCO,211814,"Yoghurt, small individual",Fat Free & Low Fat Yoghurt,yogurt single,0.0,YEO VALLEY 0% GREEK STYLE YOGHURT WITH LEMON 45...,£1.80,1.8,(£0.40/100g),0.4,100,g,4.0,kg,All products available for this offer,Any 2 for £3.00
2015-11-19 05:00:15.385561,TESCO,211814,"Yoghurt, small individual",Fat Free & Low Fat Yoghurt,yogurt single,0.0,YEO VALLEY 0% GREEK STYLE YOGHURT WITH S/BERRY4...,£1.80,1.8,(£0.40/100g),0.4,100,g,4.0,kg,All products available for this offer,Any 2 for £3.00
2015-11-19 05:00:15.387072,TESCO,211814,"Yoghurt, small individual",Fat Free & Low Fat Yoghurt,yogurt single,0.0,LIBERTE BLEND BERRY AND SEEDS YOGHURT 140G,£1.00,1.0,(£0.71/100g),0.71,100,g,7.1,kg,All products available for this offer,Any 4 for £3.00
2015-11-19 05:00:15.388646,TESCO,211814,"Yoghurt, small individual",Fat Free & Low Fat Yoghurt,yogurt single,0.0,LIBERTE BLEND FRUITS AND SEEDS YOGHURT 140G,£1.00,1.0,(£0.71/100g),0.71,100,g,7.1,kg,All products available for this offer,Any 4 for £3.00
2015-11-19 05:00:15.390151,TESCO,211814,"Yoghurt, small individual",Fat Free & Low Fat Yoghurt,yogurt single,0.0,TESCO FINEST GREEK YOGHURT 2% FAT 170G,£0.80,0.8,(£0.47/100g),0.47,100,g,4.7,kg,,
2015-11-19 05:00:15.391593,TESCO,211814,"Yoghurt, small individual",Fat Free & Low Fat Yoghurt,yogurt single,0.0,TESCO HEALTHY LIVING TOFFEE SUNDAE 120G,£1.00,1.0,(£8.34/kg),8.34,1.0,kg,8.34,kg,All products available for this offer,Any 2 for £1.80
2015-11-19 05:00:15.393116,TESCO,211814,"Yoghurt, small individual",Fat Free & Low Fat Yoghurt,yogurt single,0.0,TESCO HEALTHY LIVING CHOCOLATE FRAPPE 100G,£1.00,1.0,(£10.00/kg),10.0,1.0,kg,10.0,kg,All products available for this offer,Any 2 for £1.80
2015-11-19 05:00:15.405741,TESCO,310421,"Red Wine, European, bottle",Red Wine,red wine,0.0,VINA ALBALI RESERVA 75CL,£5.50,5.5,(£5.50/75cl),5.5,75,cl,7.3333,l,SAVE £2.00 Was £7.50 Now £5.50 - all products for this offer,SAVE £2.00 Was £7.50 Now £5.50
2015-11-19 05:00:15.407254,TESCO,310421,"Red Wine, European, bottle",Red Wine,red wine,0.5,LA CHASSE COSTIERES DE NIMES RED 75CL,£7.50,7.5,(£7.50/75cl),7.5,75,cl,10.0,l,,
2015-11-19 05:00:15.409663,TESCO,310421,"Red Wine, European, bottle",Red Wine,red wine,0.0,CH ROUSSEAU BORDEAUX ROUGE 75CL,£5.00,5.0,(£5.00/75cl),5.0,75,cl,6.6667,l,,
2015-11-19 05:00:15.411103,TESCO,310421,"Red Wine, European, bottle",Red Wine,red wine,0.0,BRANCOTT ESTATE PINOT NOIR 75CL,£7.00,7.0,(£7.00/75cl),7.0,75,cl,9.3333,l,SAVE £2.00 Was £9.00 Now £7.00 - all products for this offer,SAVE £2.00 Was £9.00 Now £7.00
2015-11-19 05:00:15.412633,TESCO,310421,"Red Wine, European, bottle",Red Wine,red wine,0.5,VIEUX PAPES RED 75CL,£4.50,4.5,(£4.50/75cl),4.5,75,cl,6.0,l,,
2015-11-19 05:00:15.414037,TESCO,310421,"Red Wine, European, bottle",Red Wine,red wine,0.0,CASTILLO SAN LORENZO GRAN RESERVA 75CL,£8.00,8.0,(£8.00/75cl),8.0,75,cl,10.6667,l,,
2015-11-19 05:00:15.415438,TESCO,310421,"Red Wine, European, bottle",Red Wine,red wine,0.5,KEDEM KIDDUSH WINE 750ML,£6.00,6.0,(£6.00/75cl),6.0,75,cl,8.0,l,,
2015-11-19 05:00:15.416890,TESCO,310421,"Red Wine, European, bottle",Red Wine,red wine,0.0,YALUMBA Y SERIES SHIRAZ VIOGNIER 75CL,£9.00,9.0,(£9.00/75cl),9.0,75,cl,12.0,l,,
2015-11-19 05:00:15.418289,TESCO,310421,"Red Wine, European, bottle",Red Wine,red wine,0.0,TESCO FINEST FRAPPATO 75CL,£6.00,6.0,(£6.00/75cl),6.0,75,cl,8.0,l,,
2015-11-19 05:00:15.419853,TESCO,310421,"Red Wine, European, bottle",Red Wine,red wine,0.5,LA PRENSA RED 100CL,£4.00,4.0,(£3.00/75cl),3.0,75,cl,4.0,l,,
2015-11-19 05:00:15.421304,TESCO,310421,"Red Wine, European, bottle",Red Wine,red wine,0.0,PRIMARIUS OREGON PINOT NOIR 75CL,£9.00,9.0,(£9.00/75cl),9.0,75,cl,12.0,l,,
2015-11-19 05:00:15.422708,TESCO,310421,"Red Wine, European, bottle",Red Wine,red wine,0.0,TESCO FINEST DOMAINE FITOU 75CL,£6.75,6.75,(£6.75/75cl),6.75,75,cl,9.0,l,,
2015-11-19 05:00:15.424166,TESCO,310421,"Red Wine, European, bottle",Red Wine,red wine,0.0,BAROLO DOCG SANT ORSOLA 75CL,£10.00,10.0,(£10.00/75cl),10.0,75,cl,13.3333,l,,
2015-11-19 05:00:15.425573,TESCO,310421,"Red Wine, European, bottle",Red Wine,red wine,0.0,TESCO FINEST RIBERA DEL DUERO RESERVA 75CL,£7.00,7.0,(£7.00/75cl),7.0,75,cl,9.3333,l,,
2015-11-19 05:00:15.426981,TESCO,310421,"Red Wine, European, bottle",Red Wine,red wine,0.0,TESCO FINEST LAS LOMAS SHIRAZ 75CL,£7.00,7.0,(£7.00/75cl),7.0,75,cl,9.3333,l,,
2015-11-19 05:00:15.428430,TESCO,310421,"Red Wine, European, bottle",Red Wine,red wine,0.0,TURNER ROAD RESERVE MERLOT 75CL,£5.25,5.25,(£5.25/75cl),5.25,75,cl,7.0,l,,
2015-11-19 05:00:15.429838,TESCO,310421,"Red Wine, European, bottle",Red Wine,red wine,0.0,LA FOLIE DOUCE MERLOT 75CL,£5.00,5.0,(£5.00/75cl),5.0,75,cl,6.6667,l,,
2015-11-19 05:00:15.431273,TESCO,310421,"Red Wine, European, bottle",Red Wine,red wine,0.0,MUD HOUSE PINOT NOIR 75CL,£9.75,9.75,(£9.75/75cl),9.75,75,cl,13.0,l,,
2015-11-19 05:00:15.432761,TESCO,310421,"Red Wine, European, bottle",Red Wine,red wine,0.0,TESCO FINEST CUARTEL MERLOT 75CL,£7.00,7.0,(£7.00/75cl),7.0,75,cl,9.3333,l,,
2015-11-19 05:00:15.434169,TESCO,310421,"Red Wine, European, bottle",Red Wine,red wine,0.0,AMARONE DELLA VALPOLICELLA DOCG 75CL,£12.50,12.5,(£12.50/75cl),12.5,75,cl,16.6667,l,,
2015-11-19 05:00:15.549246,TESCO,212016,"Fresh/Chilled Orange Juice, eg. Tropicana",Chilled Juice,fresh orange juice,0.33,COPELLA APPLE AND MANGO JUICE 300ML,£1.19,1.19,(£0.40/100ml),0.4,100,ml,4.0,l,,
2015-11-19 05:00:15.550712,TESCO,212016,"Fresh/Chilled Orange Juice, eg. Tropicana",Chilled Juice,fresh orange juice,0.0,RUBICON MANGO CHILLED 1L,£2.29,2.29,(£0.23/100ml),0.23,100,ml,2.3,l,,
2015-11-19 05:00:15.552208,TESCO,212016,"Fresh/Chilled Orange Juice, eg. Tropicana",Chilled Juice,fresh orange juice,0.0,COLDPRESS CLOUDY APPLE 1 LITRE,£2.00,2.0,(£0.20/100ml),0.2,100,ml,2.0,l,SAVE 79p Was £2.79 Now £2.00 - all products for this offer,SAVE 79p Was £2.79 Now £2.00
2015-11-19 05:00:15.554585,TESCO,212016,"Fresh/Chilled Orange Juice, eg. Tropicana",Chilled Juice,fresh orange juice,0.0,TESCO TROPICAL FRUIT DRINK 330ML,£0.70,0.7,(£0.28/100ml),0.28,100,ml,2.8,l,,
2015-11-19 05:00:15.556079,TESCO,212016,"Fresh/Chilled Orange Juice, eg. Tropicana",Chilled Juice,fresh orange juice,0.33,INNOCENT EASY GREENS FRUIT AND VEGETABLE JUICE ...,£2.99,2.99,(£0.91/100ml),0.91,100,ml,9.1,l,,
2015-11-19 05:00:15.557541,TESCO,212016,"Fresh/Chilled Orange Juice, eg. Tropicana",Chilled Juice,fresh orange juice,0.33,RUBICON LYCHEE JUICE DRINK 1L,£2.29,2.29,(£0.23/100ml),0.23,100,ml,2.3,l,,
2015-11-19 05:00:15.558966,TESCO,212016,"Fresh/Chilled Orange Juice, eg. Tropicana",Chilled Juice,fresh orange juice,0.33,TROPICANA TROPICAL JUICE 300ML,£1.19,1.19,(£0.40/100ml),0.4,100,ml,4.0,l,,
2015-11-19 05:00:15.560427,TESCO,212016,"Fresh/Chilled Orange Juice, eg. Tropicana",Chilled Juice,fresh orange juice,0.0,TESCO BEETROOT AND RHUBARB 750ML,£3.20,3.2,(£0.43/100ml),0.43,100,ml,4.3,l,,
2015-11-19 05:00:15.561845,TESCO,212016,"Fresh/Chilled Orange Juice, eg. Tropicana",Chilled Juice,fresh orange juice,0.33,TESCO FINEST LIGHT FRESHLY SQUEEZED ORANGE JUIC...,£2.49,2.49,(£0.33/100ml),0.33,100,ml,3.3,l,,
2015-11-19 05:00:15.563274,TESCO,212016,"Fresh/Chilled Orange Juice, eg. Tropicana",Chilled Juice,fresh orange juice,0.0,TESCO TROPICAL CARROT 750ML,£3.20,3.2,(£0.43/100ml),0.43,100,ml,4.3,l,,
2015-11-19 05:00:15.564886,TESCO,212016,"Fresh/Chilled Orange Juice, eg. Tropicana",Chilled Juice,fresh orange juice,0.0,TESCO JUICY WATER TROPICAL NOT FROM CONCENTRATE...,£1.50,1.5,(£0.25/100ml),0.25,100,ml,2.5,l,,
2015-11-19 05:00:15.566366,TESCO,212016,"Fresh/Chilled Orange Juice, eg. Tropicana",Chilled Juice,fresh orange juice,0.67,TROPICANA TROP 50 ORANGE AND MANGO JUICE 300ML,£1.19,1.19,(£0.40/100ml),0.4,100,ml,4.0,l,,
2015-11-19 05:00:15.567811,TESCO,212016,"Fresh/Chilled Orange Juice, eg. Tropicana",Chilled Juice,fresh orange juice,0.67,TROPICANA TROP 50 ORANGE JUICE SMOOTH 1.4L,£3.29,3.29,(£0.24/100ml),0.24,100,ml,2.4,l,,
2015-11-19 05:00:15.569310,TESCO,212016,"Fresh/Chilled Orange Juice, eg. Tropicana",Chilled Juice,fresh orange juice,0.0,TESCO FINEST LIGHT GOLDEN DELICIOUS APPLE JUICE...,£2.49,2.49,(£0.33/100ml),0.33,100,ml,3.3,l,,
2015-11-19 05:00:15.570755,TESCO,212016,"Fresh/Chilled Orange Juice, eg. Tropicana",Chilled Juice,fresh orange juice,0.67,TROPICANA TROP 50 ORANGE AND MANGO JUICE 1.4L,£3.29,3.29,(£0.24/100ml),0.24,100,ml,2.4,l,,
2015-11-19 05:00:15.572220,TESCO,212016,"Fresh/Chilled Orange Juice, eg. Tropicana",Chilled Juice,fresh orange juice,0.33,BEAUTY AND GO RADIANCE JUICE 250ML,£2.99,2.99,(£1.20/100ml),1.2,100,ml,12.0,l,,
2015-11-19 05:00:15.573668,TESCO,212016,"Fresh/Chilled Orange Juice, eg. Tropicana",Chilled Juice,fresh orange juice,0.0,TROPICANA MULTIVITAMINS 300 ML,£1.19,1.19,(£0.40/100ml),0.4,100,ml,4.0,l,,
2015-11-19 05:00:15.575836,TESCO,212016,"Fresh/Chilled Orange Juice, eg. Tropicana",Chilled Juice,fresh orange juice,0.67,TROPICANA ORIGINAL ORANGE JUICE 1.4 LITRE,£2.00,2.0,(£0.14/100ml),0.14,100,ml,1.4,l,SAVE £1.00 Was £3.00 Now £2.00 - all products for this offer,SAVE £1.00 Was £3.00 Now £2.00
2015-11-19 05:00:15.577413,TESCO,212016,"Fresh/Chilled Orange Juice, eg. Tropicana",Chilled Juice,fresh orange juice,0.0,BEAUTY AND GO DETOX 250ML,£2.99,2.99,(£1.20/100ml),1.2,100,ml,12.0,l,,
2015-11-19 05:00:15.578857,TESCO,212016,"Fresh/Chilled Orange Juice, eg. Tropicana",Chilled Juice,fresh orange juice,0.0,COLDPRESS APPLE AND LEMON WITH A DASH OF CHILLI...,£2.00,2.0,(£0.27/100ml),0.27,100,ml,2.7,l,SAVE 79p Was £2.79 Now £2.00 - all products for this offer,SAVE 79p Was £2.79 Now £2.00
2015-11-19 05:00:15.601760,TESCO,211709,"Shop Milk, whole milk",Fresh Milk,whole,0.0,LACTOFREE CHOCOLATE MILK 1LTR,£1.40,1.4,(£1.40/l),1.4,1.0,l,1.4,l,,
2015-11-19 05:00:15.604103,TESCO,211709,"Shop Milk, whole milk",Fresh Milk,whole,0.0,TESCO STRAWBERRY MILK 330ML,£0.60,0.6,(£0.18/100ml),0.18,100,ml,1.8,l,,
2015-11-19 05:00:15.605532,TESCO,211709,"Shop Milk, whole milk",Fresh Milk,whole,0.0,TESCO ALMOND UNSWEETENED MILK 1 LITRE,£1.40,1.4,(£1.40/l),1.4,1.0,l,1.4,l,,
2015-11-19 05:00:15.606923,TESCO,211709,"Shop Milk, whole milk",Fresh Milk,whole,0.0,EMMI CAFFE LATTE CAPPUCCINO LONGLIFE 200ML,£1.00,1.0,(£5.00/l),5.0,1.0,l,5.0,l,SAVE 35p Was £1.35 Now £1.00 - all products for this offer,SAVE 35p Was £1.35 Now £1.00
2015-11-19 05:00:15.608515,TESCO,211709,"Shop Milk, whole milk",Fresh Milk,whole,0.0,YAZOO CHOCOLATE MILK DRINK 1 LITRE,£1.50,1.5,(£1.50/l),1.5,1.0,l,1.5,l,,
2015-11-19 05:00:15.609899,TESCO,211709,"Shop Milk, whole milk",Fresh Milk,whole,0.0,STARBUCKS SKINNY LATTE 220ML,£1.60,1.6,(£0.73/100ml),0.73,100,ml,7.3,l,,
2015-11-19 05:00:15.611294,TESCO,211709,"Shop Milk, whole milk",Fresh Milk,whole,0.0,ALPRO LONGLIFE UNSWEETENED SOYA MILK ALTERNATIV...,£7.50,7.5,(£1.25/l),1.25,1.0,l,1.25,l,,
2015-11-19 05:00:15.612769,TESCO,211709,"Shop Milk, whole milk",Fresh Milk,whole,0.0,EMMI CAFFE LATTE VANILLA 230 ML,£1.00,1.0,(£0.44/100ml),0.44,100,ml,4.4,l,SAVE 35p Was £1.35 Now £1.00 - all products for this offer,SAVE 35p Was £1.35 Now £1.00
2015-11-19 05:00:15.614372,TESCO,211709,"Shop Milk, whole milk",Fresh Milk,whole,0.0,YAZOO STRAWBERRY MILK DRINK 1 LITRE,£1.50,1.5,(£1.50/l),1.5,1.0,l,1.5,l,,
2015-11-19 05:00:15.615826,TESCO,211709,"Shop Milk, whole milk",Fresh Milk,whole,0.0,RUDE HEALTH OAT DRINK ORGANIC 1 LITRE,£1.99,1.99,(£1.99/l),1.99,1.0,l,1.99,l,,
2015-11-19 05:00:15.617245,TESCO,211709,"Shop Milk, whole milk",Fresh Milk,whole,0.0,STARBUCKS CAPPUCCINO 220ML,£1.60,1.6,(£0.73/100ml),0.73,100,ml,7.3,l,,
2015-11-19 05:00:15.618636,TESCO,211709,"Shop Milk, whole milk",Fresh Milk,whole,0.0,CAFFIONATA MOCHA ICED COFFEE 250ML,£0.80,0.8,(£0.32/100ml),0.32,100,ml,3.2,l,,
2015-11-19 05:00:15.620074,TESCO,211709,"Shop Milk, whole milk",Fresh Milk,whole,0.0,RUDE HEALTH BROWN RICE DRINK 1LTR,£1.99,1.99,(£1.99/l),1.99,1.0,l,1.99,l,,
2015-11-19 05:00:15.621476,TESCO,211709,"Shop Milk, whole milk",Fresh Milk,whole,0.0,DELAMERE DAIRY UHT GOATS MILK S/ SKIMMED 500ML,£1.00,1.0,(£2.00/l),2.0,1.0,l,2.0,l,SAVE 25p Was £1.25 Now £1.00 - all products for this offer,SAVE 25p Was £1.25 Now £1.00
2015-11-19 05:00:15.622963,TESCO,211709,"Shop Milk, whole milk",Fresh Milk,whole,0.0,RUDE HEALTH COCONUT DRINK 1LTR,£2.49,2.49,(£2.49/l),2.49,1.0,l,2.49,l,,
2015-11-19 05:00:15.624467,TESCO,211709,"Shop Milk, whole milk",Fresh Milk,whole,0.0,BOUNTY CHOCOLATE SPORTS CAP DRINK 376ML,£1.30,1.3,(£0.35/100ml),0.35,100,ml,3.5,l,All products available for this offer,Any 2 for £2.00
2015-11-19 05:00:15.625975,TESCO,211709,"Shop Milk, whole milk",Fresh Milk,whole,1.0,DELAMERE DAIRY UHT GOATS MILK WHOLE 500ML,£1.00,1.0,(£2.00/l),2.0,1.0,l,2.0,l,SAVE 25p Was £1.25 Now £1.00 - all products for this offer,SAVE 25p Was £1.25 Now £1.00
2015-11-19 05:00:15.627451,TESCO,211709,"Shop Milk, whole milk",Fresh Milk,whole,0.0,EMMI CAFFE LATTE EXTRA SHOT LONGLIFE 200ML,£1.00,1.0,(£5.00/l),5.0,1.0,l,5.0,l,SAVE 35p Was £1.35 Now £1.00 - all products for this offer,SAVE 35p Was £1.35 Now £1.00
2015-11-19 05:00:15.628978,TESCO,211709,"Shop Milk, whole milk",Fresh Milk,whole,0.0,EMMI CAFFE LATTE ESPRESSO ZERO 230ML,£1.00,1.0,(£4.35/l),4.35,1.0,l,4.35,l,SAVE 35p Was £1.35 Now £1.00 - all products for this offer,SAVE 35p Was £1.35 Now £1.00
2015-11-19 05:00:15.630453,TESCO,211709,"Shop Milk, whole milk",Fresh Milk,whole,0.0,YAZOO BANANA MILK DRINK 1 LITRE,£1.50,1.5,(£1.50/l),1.5,1.0,l,1.5,l,,
2015-11-19 05:00:15.690136,TESCO,310419,"White Wine, European, bottle",White Wine,white wine,0.0,CAPE PEAK HERITAGE CHARDONNAY 75CL,£4.50,4.5,(£4.50/75cl),4.5,75,cl,6.0,l,,
2015-11-19 05:00:15.691596,TESCO,310419,"White Wine, European, bottle",White Wine,white wine,0.0,BOSCHENDAL SAUVIGNON BLANC 75CL,£8.50,8.5,(£8.50/75cl),8.5,75,cl,11.3333,l,,
2015-11-19 05:00:15.693951,TESCO,310419,"White Wine, European, bottle",White Wine,white wine,0.5,VINA ALBALI WHITE 75CL,£4.50,4.5,(£4.50/75cl),4.5,75,cl,6.0,l,,
2015-11-19 05:00:15.695388,TESCO,310419,"White Wine, European, bottle",White Wine,white wine,0.5,TESCO FINEST ENGLISH WHITE 75CL,£9.00,9.0,(£9.00/75cl),9.0,75,cl,12.0,l,,
2015-11-19 05:00:15.696859,TESCO,310419,"White Wine, European, bottle",White Wine,white wine,0.5,TESCO WHITE BURGUNDY 75CL,£7.00,7.0,(£7.00/75cl),7.0,75,cl,9.3333,l,,
2015-11-19 05:00:15.698301,TESCO,310419,"White Wine, European, bottle",White Wine,white wine,0.0,TESCO FINEST RIESLING 75CL,£8.00,8.0,(£8.00/75cl),8.0,75,cl,10.6667,l,,
2015-11-19 05:00:15.699724,TESCO,310419,"White Wine, European, bottle",White Wine,white wine,0.0,LINDEMANS BIN 65 CHARDONNAY 75CL,£6.00,6.0,(£6.00/75cl),6.0,75,cl,8.0,l,,
2015-11-19 05:00:15.701154,TESCO,310419,"White Wine, European, bottle",White Wine,white wine,0.0,YELLOW TAIL PINOT GRIGIO 75CL,£6.25,6.25,(£6.25/75cl),6.25,75,cl,8.3333,l,,
2015-11-19 05:00:15.702551,TESCO,310419,"White Wine, European, bottle",White Wine,white wine,0.5,VIEUX PAPES WHITE 75CL,£4.50,4.5,(£4.50/75cl),4.5,75,cl,6.0,l,,
2015-11-19 05:00:15.704121,TESCO,310419,"White Wine, European, bottle",White Wine,white wine,0.0,TESCO CHABLIS 75CL,£8.00,8.0,(£8.00/75cl),8.0,75,cl,10.6667,l,,
2015-11-19 05:00:15.705538,TESCO,310419,"White Wine, European, bottle",White Wine,white wine,0.0,ECHO FALLS FUSION FRUIT MOJITO 75CL,£4.25,4.25,(£4.25/75cl),4.25,75,cl,5.6667,l,,
2015-11-19 05:00:15.706949,TESCO,310419,"White Wine, European, bottle",White Wine,white wine,0.0,MARQUES DE CASA CONCHA CHARDONNAY 75CL,£12.00,12.0,(£12.00/75cl),12.0,75,cl,16.0,l,,
2015-11-19 05:00:15.708411,TESCO,310419,"White Wine, European, bottle",White Wine,white wine,0.0,TIM ADAMS CLARE VALLEY RIESLING 75CL,£9.75,9.75,(£9.75/75cl),9.75,75,cl,13.0,l,,
2015-11-19 05:00:15.709808,TESCO,310419,"White Wine, European, bottle",White Wine,white wine,0.0,ASCHERI ROCCA RIPALTA GAVI DI GAVI 2012 75CL,£10.00,10.0,(£10.00/75cl),10.0,75,cl,13.3333,l,,
2015-11-19 05:00:15.711208,TESCO,310419,"White Wine, European, bottle",White Wine,white wine,0.0,CALVET PRESTIGE SAUVIGNON FUME 75CL,£5.50,5.5,(£5.50/75cl),5.5,75,cl,7.3333,l,SAVE £3.50 Was £9.00 Now £5.50 - all products for this offer,SAVE £3.50 Was £9.00 Now £5.50
2015-11-19 05:00:15.712733,TESCO,310419,"White Wine, European, bottle",White Wine,white wine,0.0,VILLA MARIA TAYLORS PASS SAUVIGNON 75CL,£13.00,13.0,(£13.00/75cl),13.0,75,cl,17.3333,l,,
2015-11-19 05:00:15.714169,TESCO,310419,"White Wine, European, bottle",White Wine,white wine,0.0,TURNER ROAD RESERVE CHARDONNAY 75CL,£5.25,5.25,(£5.25/75cl),5.25,75,cl,7.0,l,,
2015-11-19 05:00:15.715599,TESCO,310419,"White Wine, European, bottle",White Wine,white wine,0.0,TORRES VINA ESMERALDA 75CL,£8.50,8.5,(£8.50/75cl),8.5,75,cl,11.3333,l,,
2015-11-19 05:00:15.717026,TESCO,310419,"White Wine, European, bottle",White Wine,white wine,0.0,NEDERBURG 56 HUNDRED PINOT GRIGIO 75CL,£5.75,5.75,(£5.75/75cl),5.75,75,cl,7.6667,l,,
2015-11-19 05:00:15.718424,TESCO,310419,"White Wine, European, bottle",White Wine,white wine,0.5,BARON HERZOG WHITE ZINFANDEL 750ML,£10.00,10.0,(£10.00/75cl),10.0,75,cl,13.3333,l,,
2015-11-19 05:00:15.762423,TESCO,310421,"Red Wine, European, bottle",Red Wine,red wine,0.0,H VALRASQUE CHATEAUNEUF DU PAPE 75CL,£14.00,14.0,(£14.00/75cl),14.0,75,cl,18.6667,l,,
2015-11-19 05:00:15.763912,TESCO,310421,"Red Wine, European, bottle",Red Wine,red wine,0.0,TESCO FINEST BAROLO DOCG 75CL,£13.00,13.0,(£13.00/75cl),13.0,75,cl,17.3333,l,,
2015-11-19 05:00:15.766219,TESCO,310421,"Red Wine, European, bottle",Red Wine,red wine,0.5,BAREFOOT REFRESH CRISP RED 75CL,£7.00,7.0,(£7.00/75cl),7.0,75,cl,9.3333,l,,
2015-11-19 05:00:15.767699,TESCO,310421,"Red Wine, European, bottle",Red Wine,red wine,0.0,LINDEMANS BIN 50 SHIRAZ 75CL,£6.00,6.0,(£6.00/75cl),6.0,75,cl,8.0,l,,
2015-11-19 05:00:15.769122,TESCO,310421,"Red Wine, European, bottle",Red Wine,red wine,0.0,TRIVENTO RESERVE SHIRAZ 75CL,£6.00,6.0,(£6.00/75cl),6.0,75,cl,8.0,l,SAVE £3.00 Was £9.00 Now £6.00 - all products for this offer,SAVE £3.00 Was £9.00 Now £6.00
2015-11-19 05:00:15.770584,TESCO,310421,"Red Wine, European, bottle",Red Wine,red wine,0.0,SAINT-JOSEPH CUVEE D'AUTOMME 75CL,£9.00,9.0,(£9.00/75cl),9.0,75,cl,12.0,l,,
2015-11-19 05:00:15.772027,TESCO,310421,"Red Wine, European, bottle",Red Wine,red wine,0.0,LA MANO VERDE MALBEC 75CL,£6.00,6.0,(£6.00/75cl),6.0,75,cl,8.0,l,SAVE £1.00 Was £7.00 Now £6.00 - all products for this offer,SAVE £1.00 Was £7.00 Now £6.00
2015-11-19 05:00:15.773574,TESCO,310421,"Red Wine, European, bottle",Red Wine,red wine,0.0,OXFORD LANDING CABERNET SHIRAZ 75CL,£5.00,5.0,(£5.00/75cl),5.0,75,cl,6.6667,l,SAVE £2.00 Was £7.00 Now £5.00 - all products for this offer,SAVE £2.00 Was £7.00 Now £5.00
2015-11-19 05:00:15.775052,TESCO,310421,"Red Wine, European, bottle",Red Wine,red wine,0.0,TESCO FINEST ST CHINIAN 75CL,£7.00,7.0,(£7.00/75cl),7.0,75,cl,9.3333,l,,
2015-11-19 05:00:15.776640,TESCO,310421,"Red Wine, European, bottle",Red Wine,red wine,0.0,BOSCHENDAL 1685 SHIRAZ 75CL,£8.50,8.5,(£8.50/75cl),8.5,75,cl,11.3333,l,,
2015-11-19 05:00:15.778055,TESCO,310421,"Red Wine, European, bottle",Red Wine,red wine,0.0,CAMPO VIEJO RIOJA GRAN RESERVA 75CL,£12.00,12.0,(£12.00/75cl),12.0,75,cl,16.0,l,,
2015-11-19 05:00:15.779453,TESCO,310421,"Red Wine, European, bottle",Red Wine,red wine,0.0,MARQUES DE CASA CONCHA SYRAH 75CL,£12.00,12.0,(£12.00/75cl),12.0,75,cl,16.0,l,,
2015-11-19 05:00:15.780913,TESCO,310421,"Red Wine, European, bottle",Red Wine,red wine,0.0,CHATEAU MARGEROTS BORDEAUX SUPERIEUR 75CL,£10.00,10.0,(£10.00/75cl),10.0,75,cl,13.3333,l,,
2015-11-19 05:00:15.782316,TESCO,310421,"Red Wine, European, bottle",Red Wine,red wine,0.0,TIM ADAMS SHIRAZ 75CL,£11.00,11.0,(£11.00/75cl),11.0,75,cl,14.6667,l,,
2015-11-19 05:00:15.783732,TESCO,310421,"Red Wine, European, bottle",Red Wine,red wine,0.5,CASILLERO DEVIL'S COLLECTION RED 75CL,£7.00,7.0,(£7.00/75cl),7.0,75,cl,9.3333,l,SAVE £2.00 Was £9.00 Now £7.00 - all products for this offer,SAVE £2.00 Was £9.00 Now £7.00
2015-11-19 05:00:15.785236,TESCO,310421,"Red Wine, European, bottle",Red Wine,red wine,0.0,NEDERBURG 56 HUNDRED SHIRAZ 75CL,£5.25,5.25,(£5.25/75cl),5.25,75,cl,7.0,l,,
2015-11-19 05:00:15.786672,TESCO,310421,"Red Wine, European, bottle",Red Wine,red wine,0.0,PICCINI CHIANTI 75CL,£6.00,6.0,(£6.00/75cl),6.0,75,cl,8.0,l,,
2015-11-19 05:00:15.788118,TESCO,310421,"Red Wine, European, bottle",Red Wine,red wine,0.0,RAVENSWOOD LODI ZINFANDEL 75CL,£10.00,10.0,(£10.00/75cl),10.0,75,cl,13.3333,l,,
2015-11-19 05:00:15.789524,TESCO,310421,"Red Wine, European, bottle",Red Wine,red wine,0.0,FAUSTINO GRAN RESERVA 75CL,£13.00,13.0,(£13.00/75cl),13.0,75,cl,17.3333,l,,
2015-11-19 05:00:15.790916,TESCO,310421,"Red Wine, European, bottle",Red Wine,red wine,0.0,TESCO FINEST BLOCK 18 CABERNET SAUVIGNON 75CL,£15.00,15.0,(£15.00/75cl),15.0,75,cl,20.0,l,,
2015-11-19 05:00:15.868676,TESCO,212016,"Fresh/Chilled Orange Juice, eg. Tropicana",Chilled Juice,fresh orange juice,0.33,BEAUTY AND GO ANTI AGEING JUICE 250ML,£2.99,2.99,(£1.20/100ml),1.2,100,ml,12.0,l,,
2015-11-19 05:00:15.870146,TESCO,212016,"Fresh/Chilled Orange Juice, eg. Tropicana",Chilled Juice,fresh orange juice,0.33,BEAUTY AND GO VITALITY JUICE 250ML,£2.99,2.99,(£1.20/100ml),1.2,100,ml,12.0,l,,
2015-11-19 05:00:15.963747,TESCO,211709,"Shop Milk, whole milk",Fresh Milk,whole,0.0,GU HOT CHOCOLATE DRINK 750ML,£2.00,2.0,(£0.27/100ml),0.27,100,ml,2.7,l,,
2015-11-19 05:00:15.965208,TESCO,211709,"Shop Milk, whole milk",Fresh Milk,whole,0.0,TESCO BANANA FLAVOURED MILK 330ML,£0.60,0.6,(£0.18/100ml),0.18,100,ml,1.8,l,,
2015-11-19 05:00:15.966613,TESCO,211709,"Shop Milk, whole milk",Fresh Milk,whole,0.0,MARS LACTOSE FREE SPORTS CAP 750ML,£2.00,2.0,(£2.67/l),2.67,1.0,l,2.67,l,All products available for this offer,2 for £3.00
2015-11-19 05:00:15.968157,TESCO,211709,"Shop Milk, whole milk",Fresh Milk,whole,0.0,GU SALTED CARAMEL HOT CHOCOLATE DRINK 750ML,£2.00,2.0,(£0.27/100ml),0.27,100,ml,2.7,l,,
2015-11-19 05:00:15.969574,TESCO,211709,"Shop Milk, whole milk",Fresh Milk,whole,0.0,TESCO FREE FROM RICE DRINK 1L,£1.50,1.5,(£0.15/100ml),0.15,100,ml,1.5,l,,
2015-11-19 05:00:15.970975,TESCO,211709,"Shop Milk, whole milk",Fresh Milk,whole,0.0,TESCO ALMOND SWEETENED MILK 1 LITRE,£1.40,1.4,(£1.40/l),1.4,1.0,l,1.4,l,,
2015-11-19 05:00:15.972433,TESCO,211709,"Shop Milk, whole milk",Fresh Milk,whole,0.0,NOMADIC STRAWBERRY &POMEGRANATE YOGHURT TO DRIN...,£1.00,1.0,(£0.30/100ml),0.3,100,ml,3.0,l,SAVE 49p Was £1.49 Now £1.00 - all products for this offer,SAVE 49p Was £1.49 Now £1.00
2015-11-19 05:00:15.973963,TESCO,211709,"Shop Milk, whole milk",Fresh Milk,whole,0.0,EMMI CAFFE LATTE CAPPUCCINO MR BIG 370ML,£2.00,2.0,(£0.54/100ml),0.54,100,ml,5.4,l,,
2015-11-19 05:00:15.975362,TESCO,211709,"Shop Milk, whole milk",Fresh Milk,whole,0.0,NOMADIC BLUEBERRY AND OATS YOGHURT TO DRINK 330...,£1.00,1.0,(£0.30/100ml),0.3,100,ml,3.0,l,SAVE 49p Was £1.49 Now £1.00 - all products for this offer,SAVE 49p Was £1.49 Now £1.00
2015-11-19 05:00:15.976885,TESCO,211709,"Shop Milk, whole milk",Fresh Milk,whole,0.0,EMMI CAFFE LATTE MR BIG ESPRESSO 370ML,£2.00,2.0,(£0.54/100ml),0.54,100,ml,5.4,l,,
2015-11-19 05:00:15.978315,TESCO,211709,"Shop Milk, whole milk",Fresh Milk,whole,0.0,NOMADIC BLACKCURRANT AND CHERRY YOGHURT TO DRIN...,£1.00,1.0,(£0.30/100ml),0.3,100,ml,3.0,l,SAVE 49p Was £1.49 Now £1.00 - all products for this offer,SAVE 49p Was £1.49 Now £1.00
2015-11-19 05:00:16.132244,TESCO,310419,"White Wine, European, bottle",White Wine,white wine,0.0,TESCO FINEST STELLENBOSCH SAUVIGNON 75CL,£5.50,5.5,(£5.50/75cl),5.5,75,cl,7.3333,l,,
2015-11-19 05:00:16.133698,TESCO,310419,"White Wine, European, bottle",White Wine,white wine,0.0,CHATEAU DE LA BOTINIERE MUSCADET 75CL,£8.00,8.0,(£8.00/75cl),8.0,75,cl,10.6667,l,All products available for this offer,Only £8.00
2015-11-19 05:00:16.135192,TESCO,310419,"White Wine, European, bottle",White Wine,white wine,0.0,MISCELA GRILLO PINOT GRIGIO 75CL,£6.00,6.0,(£6.00/75cl),6.0,75,cl,8.0,l,,
2015-11-19 05:00:16.136645,TESCO,310419,"White Wine, European, bottle",White Wine,white wine,0.0,NEDERBURG 56 HUNDRED CHENIN BLANC 75CL,£5.25,5.25,(£5.25/75cl),5.25,75,cl,7.0,l,,
2015-11-19 05:00:16.138088,TESCO,310419,"White Wine, European, bottle",White Wine,white wine,0.0,BELLINGHAM THE BERNARD SERIES CHENIN BLANC 75C,£12.00,12.0,(£12.00/75cl),12.0,75,cl,16.0,l,,
2015-11-19 05:00:16.139542,TESCO,310419,"White Wine, European, bottle",White Wine,white wine,0.0,BLOSSOM HILL FRUIT BLOOM ELDERFLOWER 70CL,£4.50,4.5,(£4.83/75cl),4.83,75,cl,6.44,l,SAVE £1.50 Was £6.00 Now £4.50 - all products for this offer,SAVE £1.50 Was £6.00 Now £4.50
2015-11-19 05:00:16.141059,TESCO,310419,"White Wine, European, bottle",White Wine,white wine,0.0,PENFOLDS KOONUNGA HILL CHARDONNAY 75CL,£9.00,9.0,(£9.00/75cl),9.0,75,cl,12.0,l,,
2015-11-19 05:00:16.142462,TESCO,310419,"White Wine, European, bottle",White Wine,white wine,0.0,REYNELLA HOMESTEAD SAUVIGNON BLANC 75CL,£6.50,6.5,(£6.50/75cl),6.5,75,cl,8.6667,l,,
2015-11-19 05:00:16.143881,TESCO,310419,"White Wine, European, bottle",White Wine,white wine,0.0,TIM ADAMS SEMILLON 75CL,£9.75,9.75,(£9.75/75cl),9.75,75,cl,13.0,l,,
2015-11-19 05:00:16.145311,TESCO,310419,"White Wine, European, bottle",White Wine,white wine,0.0,BARON HERZOG CHENIN BLANC 750ML,£10.00,10.0,(£10.00/75cl),10.0,75,cl,13.3333,l,,
2015-11-19 05:00:16.146711,TESCO,310419,"White Wine, European, bottle",White Wine,white wine,0.0,BARKAN SAUVIGNON BLANC 750ML,£10.00,10.0,(£10.00/75cl),10.0,75,cl,13.3333,l,,
2015-11-19 05:00:16.148187,TESCO,310419,"White Wine, European, bottle",White Wine,white wine,0.0,KEDEM GIVON FRENCH COLOMB 750ML,£8.00,8.0,(£8.00/75cl),8.0,75,cl,10.6667,l,,
2015-11-19 05:00:16.246473,TESCO,310421,"Red Wine, European, bottle",Red Wine,red wine,0.0,GLUHWEIN 100CL,£5.00,5.0,(£3.75/75cl),3.75,75,cl,5.0,l,,
2015-11-19 05:00:16.248415,TESCO,310421,"Red Wine, European, bottle",Red Wine,red wine,0.0,VINO LASCITO SANGIOVESE 75CL,£8.00,8.0,(£8.00/75cl),8.0,75,cl,10.6667,l,,
2015-11-19 05:00:16.249838,TESCO,310421,"Red Wine, European, bottle",Red Wine,red wine,0.0,M.CHAPOUTIER CHATEAUNEUF DU PAPE 75CL,£20.00,20.0,(£20.00/75cl),20.0,75,cl,26.6667,l,,
2015-11-19 05:00:16.251246,TESCO,310421,"Red Wine, European, bottle",Red Wine,red wine,0.0,BARBERA D'ALBA D.O.C. 75CL,£8.00,8.0,(£8.00/75cl),8.0,75,cl,10.6667,l,,
2015-11-19 05:00:16.252692,TESCO,310421,"Red Wine, European, bottle",Red Wine,red wine,0.0,RING-BOLT MARGARET RIVER CABERNET SAUVIGNON 75C...,£9.00,9.0,(£9.00/75cl),9.0,75,cl,12.0,l,,
2015-11-19 05:00:16.254126,TESCO,310421,"Red Wine, European, bottle",Red Wine,red wine,0.0,PENFOLDS KOONUNGA HILL SHIRAZ CABERNET 75CL,£9.00,9.0,(£9.00/75cl),9.0,75,cl,12.0,l,,
2015-11-19 05:00:16.255531,TESCO,310421,"Red Wine, European, bottle",Red Wine,red wine,0.0,CHATEAU LES MAUBERTS BORDEAUX 75CL,£6.00,6.0,(£6.00/75cl),6.0,75,cl,8.0,l,SAVE £2.00 Was £8.00 Now £6.00 - all products for this offer,SAVE £2.00 Was £8.00 Now £6.00
2015-11-19 05:00:16.257032,TESCO,310421,"Red Wine, European, bottle",Red Wine,red wine,0.0,MISCELA NERO D'AVOLA SYRAH 75CL,£6.00,6.0,(£6.00/75cl),6.0,75,cl,8.0,l,,
2015-11-19 05:00:16.258505,TESCO,310421,"Red Wine, European, bottle",Red Wine,red wine,0.0,TIM ADAMS THE FERGUS 75CL,£11.00,11.0,(£11.00/75cl),11.0,75,cl,14.6667,l,,
2015-11-19 05:00:16.259955,TESCO,310421,"Red Wine, European, bottle",Red Wine,red wine,0.0,CHATEAU ASCO CORBIERES 75CL,£5.00,5.0,(£5.00/75cl),5.0,75,cl,6.6667,l,SAVE £2.00 Was £7.00 Now £5.00 - all products for this offer,SAVE £2.00 Was £7.00 Now £5.00
2015-11-19 05:00:16.261461,TESCO,310421,"Red Wine, European, bottle",Red Wine,red wine,0.0,CHATEAU LATOUR CAMBLANES 2011 COTES BORDEAUX 75...,£15.00,15.0,(£15.00/75cl),15.0,75,cl,20.0,l,,
2015-11-19 05:00:16.262861,TESCO,310421,"Red Wine, European, bottle",Red Wine,red wine,0.0,CHATEAU FERRANDE GRAVES 75CL,£10.00,10.0,(£10.00/75cl),10.0,75,cl,13.3333,l,SAVE £5.00 Was £15.00 Now £10.00 - all products for this offer,SAVE £5.00 Was £15.00 Now £10.00
2015-11-19 05:00:16.264386,TESCO,310421,"Red Wine, European, bottle",Red Wine,red wine,0.0,ROSSO TOSCANA IGT 75CL,£4.50,4.5,(£4.50/75cl),4.5,75,cl,6.0,l,,
2015-11-19 05:00:16.265782,TESCO,310421,"Red Wine, European, bottle",Red Wine,red wine,0.0,REYNELLA HOMESTEAD CABERNET SHIRAZ 75CL,£6.50,6.5,(£6.50/75cl),6.5,75,cl,8.6667,l,,
2015-11-19 05:00:16.267177,TESCO,310421,"Red Wine, European, bottle",Red Wine,red wine,0.0,RAMON CARDOVA RIOJA 750ML,£13.00,13.0,(£13.00/75cl),13.0,75,cl,17.3333,l,,
2015-11-19 05:00:16.268661,TESCO,310421,"Red Wine, European, bottle",Red Wine,red wine,0.0,FLAGSTONE TRUTH TREE PINOTAGE 75CL,£10.00,10.0,(£10.00/75cl),10.0,75,cl,13.3333,l,,
2015-11-19 05:00:16.270077,TESCO,310421,"Red Wine, European, bottle",Red Wine,red wine,0.0,BELLINGHAM THE BERNARD SERIES MMM 75CL,£13.00,13.0,(£13.00/75cl),13.0,75,cl,17.3333,l,,
2015-11-19 05:00:16.271481,TESCO,310421,"Red Wine, European, bottle",Red Wine,red wine,0.0,TERREFORTS DE MADIRAN 75CL,£5.50,5.5,(£5.50/75cl),5.5,75,cl,7.3333,l,SAVE £1.00 Was £6.50 Now £5.50 - all products for this offer,SAVE £1.00 Was £6.50 Now £5.50
