timestamp,store,ons_item_no,ons_item_name,product_type,search_string,search_matches,product_name,item_price_str,item_price_num,volume_price,unit_price,no_units,units,std_price,std_unit,promo,offer
2015-11-12 05:00:22.972706,SAINSBURY,310207,"Bitter, 4 cans, 3.4%-7.5% ABV",http://www.sainsburys.co.uk/shop/gb/groceries/drinks/ale-stout,bitter,0.0,ADNAMS BROADSIDE ALE 500ML,£2.00/unit,2.0,£4.00 / 1 ltr,4.0,1,ltr,4.0,l,,
2015-11-12 05:00:22.978159,SAINSBURY,310207,"Bitter, 4 cans, 3.4%-7.5% ABV",http://www.sainsburys.co.uk/shop/gb/groceries/drinks/ale-stout,bitter,1.0,ADNAMS SOUTHWOLD BITTER 500ML (4.5% ABV),£2.00/unit,2.0,£4.00 / 1 ltr,4.0,1,ltr,4.0,l,,
2015-11-12 05:00:22.990387,SAINSBURY,310207,"Bitter, 4 cans, 3.4%-7.5% ABV",http://www.sainsburys.co.uk/shop/gb/groceries/drinks/ale-stout,bitter,0.0,ADNAMS SPINDRIFT 330ML,£1.75/unit,1.75,£5.30 / 1 ltr,5.3,1,ltr,5.3,l,,
2015-11-12 05:00:22.995060,SAINSBURY,310207,"Bitter, 4 cans, 3.4%-7.5% ABV",http://www.sainsburys.co.uk/shop/gb/groceries/drinks/ale-stout,bitter,0.0,BACCHUS FRAMBOISE RASPBERRY BEER 375ML,£2.50/unit,2.5,£6.67 / 1 ltr,6.67,1,ltr,6.67,l,,
2015-11-12 05:00:22.999628,SAINSBURY,310207,"Bitter, 4 cans, 3.4%-7.5% ABV",http://www.sainsburys.co.uk/shop/gb/groceries/drinks/ale-stout,bitter,0.0,BADGER BLANDFORD FLYER ALE 500ML,£2.00/unit,2.0,£4.00 / 1 ltr,4.0,1,ltr,4.0,l,,
2015-11-12 05:00:23.020533,SAINSBURY,310207,"Bitter, 4 cans, 3.4%-7.5% ABV",http://www.sainsburys.co.uk/shop/gb/groceries/drinks/ale-stout,bitter,0.0,BADGER FIRST CALL 500ML (4% ABV),£2.00/unit,2.0,£4.00 / 1 ltr,4.0,1,ltr,4.0,l,Buy any 3 for £5.00,Buy any 3 for £5.00
2015-11-12 05:00:23.024993,SAINSBURY,310207,"Bitter, 4 cans, 3.4%-7.5% ABV",http://www.sainsburys.co.uk/shop/gb/groceries/drinks/ale-stout,bitter,0.0,BADGER FURSTY FERRET 500ML (4.4%),£2.00/unit,2.0,£4.00 / 1 ltr,4.0,1,ltr,4.0,l,Buy any 3 for £5.00,Buy any 3 for £5.00
2015-11-12 05:00:23.029317,SAINSBURY,310207,"Bitter, 4 cans, 3.4%-7.5% ABV",http://www.sainsburys.co.uk/shop/gb/groceries/drinks/ale-stout,bitter,0.0,BADGER GOLDEN CHAMPION ALE 500ML,£2.00/unit,2.0,£4.00 / 1 ltr,4.0,1,ltr,4.0,l,Buy any 3 for £5.00,Buy any 3 for £5.00
2015-11-12 05:00:23.034957,SAINSBURY,210204,"Dry Spaghetti or pasta, 500g",http://www.sainsburys.co.uk/shop/gb/groceries/food-cupboard/pasta,500g,0.0,DE CECCO EGG FETTUCINE 250G,£1.55/unit,1.55,£6.20 / 1 kg,6.2,1,kg,6.2,kg,,
2015-11-12 05:00:23.040867,SAINSBURY,210204,"Dry Spaghetti or pasta, 500g",http://www.sainsburys.co.uk/shop/gb/groceries/food-cupboard/pasta,500g,1.0,DE CECCO FUSILLI 500G,£1.55/unit,1.55,£3.10 / 1 kg,3.1,1,kg,3.1,kg,,
2015-11-12 05:00:23.059371,SAINSBURY,310207,"Bitter, 4 cans, 3.4%-7.5% ABV",http://www.sainsburys.co.uk/shop/gb/groceries/drinks/ale-stout,bitter,0.0,BADGER GOLDEN GLORY ALE 500ML,£2.00/unit,2.0,£4.00 / 1 ltr,4.0,1,ltr,4.0,l,,
2015-11-12 05:00:23.063404,SAINSBURY,310207,"Bitter, 4 cans, 3.4%-7.5% ABV",http://www.sainsburys.co.uk/shop/gb/groceries/drinks/ale-stout,bitter,0.0,BADGER HOPPING HARE 500ML,£1.25/unit,1.25,£2.50 / 1 ltr,2.5,1,ltr,2.5,l,Only £1.25: Save 75p,Only £1.25: Save 75p
2015-11-12 05:00:23.067459,SAINSBURY,310207,"Bitter, 4 cans, 3.4%-7.5% ABV",http://www.sainsburys.co.uk/shop/gb/groceries/drinks/ale-stout,bitter,0.0,BADGER POACHERS CHOICE ALE 500ML,£2.00/unit,2.0,£4.00 / 1 ltr,4.0,1,ltr,4.0,l,,
2015-11-12 05:00:23.072202,SAINSBURY,210204,"Dry Spaghetti or pasta, 500g",http://www.sainsburys.co.uk/shop/gb/groceries/food-cupboard/pasta,500g,1.0,DE CECCO GNOCCHI DI PATATE 500G,£2.30/unit,2.3,£4.60 / 1 kg,4.6,1,kg,4.6,kg,,
2015-11-12 05:00:23.076895,SAINSBURY,210204,"Dry Spaghetti or pasta, 500g",http://www.sainsburys.co.uk/shop/gb/groceries/food-cupboard/pasta,500g,1.0,DE CECCO LINGUINE 500G,£1.55/unit,1.55,£3.10 / 1 kg,3.1,1,kg,3.1,kg,,
2015-11-12 05:00:23.081381,SAINSBURY,210204,"Dry Spaghetti or pasta, 500g",http://www.sainsburys.co.uk/shop/gb/groceries/food-cupboard/pasta,500g,1.0,DE CECCO PENNE RIGATE 500G,£1.55/unit,1.55,£3.10 / 1 kg,3.1,1,kg,3.1,kg,,
2015-11-12 05:00:23.087777,SAINSBURY,210214,"Breakfast Cereal 2, NOT sugar/chocolate coated",http://www.sainsburys.co.uk/shop/gb/groceries/food-cupboard/healthier-cereals,,1.0,EAT NATURAL TOASTED BUCKWHEAT MUESLI GLUTEN FREE 500G,£2.25/unit,2.25,£0.45 / 100g,0.45,100,g,4.5,kg,Only £2.25: Save 75p,Only £2.25: Save 75p
2015-11-12 05:00:23.092877,SAINSBURY,210214,"Breakfast Cereal 2, NOT sugar/chocolate coated",http://www.sainsburys.co.uk/shop/gb/groceries/food-cupboard/healthier-cereals,,1.0,GRAPE NUTS 580G,£3.00/unit,3.0,£0.52 / 100g,0.52,100,g,5.2,kg,,
2015-11-12 05:00:23.100986,SAINSBURY,310207,"Bitter, 4 cans, 3.4%-7.5% ABV",http://www.sainsburys.co.uk/shop/gb/groceries/drinks/ale-stout,bitter,0.0,BADGER SETT MIXED PACK 4X500ML,£6.00/unit,6.0,£3.00 / 1 ltr,3.0,1,ltr,3.0,l,,
2015-11-12 05:00:23.104726,SAINSBURY,310207,"Bitter, 4 cans, 3.4%-7.5% ABV",http://www.sainsburys.co.uk/shop/gb/groceries/drinks/ale-stout,bitter,0.0,BADGER TANGLEFOOT ALE 500ML,£2.00/unit,2.0,£4.00 / 1 ltr,4.0,1,ltr,4.0,l,Buy any 3 for £5.00,Buy any 3 for £5.00
2015-11-12 05:00:23.108423,SAINSBURY,310207,"Bitter, 4 cans, 3.4%-7.5% ABV",http://www.sainsburys.co.uk/shop/gb/groceries/drinks/ale-stout,bitter,0.0,BADGERS TANGLEFOOT ALE 4X500ML,£5.50/unit,5.5,£2.75 / 1 ltr,2.75,1,ltr,2.75,l,,
2015-11-12 05:00:23.113451,SAINSBURY,210204,"Dry Spaghetti or pasta, 500g",http://www.sainsburys.co.uk/shop/gb/groceries/food-cupboard/pasta,500g,1.0,DE CECCO SPAGHETTI 500G,£1.55/unit,1.55,£3.10 / 1 g,3.1,1,g,3100.0,kg,,
2015-11-12 05:00:23.117788,SAINSBURY,210204,"Dry Spaghetti or pasta, 500g",http://www.sainsburys.co.uk/shop/gb/groceries/food-cupboard/pasta,500g,1.0,DE CECCO TORTIGLIONI PASTA 500G,£1.55/unit,1.55,£3.10 / 1 kg,3.1,1,kg,3.1,kg,,
2015-11-12 05:00:23.122078,SAINSBURY,210204,"Dry Spaghetti or pasta, 500g",http://www.sainsburys.co.uk/shop/gb/groceries/food-cupboard/pasta,500g,0.0,DOLMIO PASTA POUCH SHELLS 200G,£1.00/unit,1.0,£0.50 / 100kg,0.5,100,kg,0.005,kg,Only £1.00: Save 40p,Only £1.00: Save 40p
2015-11-12 05:00:23.126954,SAINSBURY,210214,"Breakfast Cereal 2, NOT sugar/chocolate coated",http://www.sainsburys.co.uk/shop/gb/groceries/food-cupboard/healthier-cereals,,1.0,KELLOGG'S ALL BRAN 750G,£2.90/unit,2.9,£0.39 / 100g,0.39,100,g,3.9,kg,,
2015-11-12 05:00:23.131569,SAINSBURY,210214,"Breakfast Cereal 2, NOT sugar/chocolate coated",http://www.sainsburys.co.uk/shop/gb/groceries/food-cupboard/healthier-cereals,,1.0,KELLOGG'S ALL BRAN FLAKES 750G,£2.90/unit,2.9,£0.39 / 100g,0.39,100,g,3.9,kg,,
2015-11-12 05:00:23.136115,SAINSBURY,210214,"Breakfast Cereal 2, NOT sugar/chocolate coated",http://www.sainsburys.co.uk/shop/gb/groceries/food-cupboard/healthier-cereals,,1.0,KELLOGG'S ALL BRAN GOLDEN CRUNCH 390G,£2.90/unit,2.9,£0.74 / 100g,0.74,100,g,7.4,kg,,
2015-11-12 05:00:23.143157,SAINSBURY,310207,"Bitter, 4 cans, 3.4%-7.5% ABV",http://www.sainsburys.co.uk/shop/gb/groceries/drinks/ale-stout,bitter,0.0,BASS TRADEMARK NUMBER ONE 500ML,£2.00/unit,2.0,£4.00 / 1 ltr,4.0,1,ltr,4.0,l,,
2015-11-12 05:00:23.146602,SAINSBURY,310207,"Bitter, 4 cans, 3.4%-7.5% ABV",http://www.sainsburys.co.uk/shop/gb/groceries/drinks/ale-stout,bitter,0.0,BATEMANS MOCHA & CHOCOLATE 500ML,£2.00/unit,2.0,£4.00 / 1 ltr,4.0,1,ltr,4.0,l,,
2015-11-12 05:00:23.149921,SAINSBURY,310207,"Bitter, 4 cans, 3.4%-7.5% ABV",http://www.sainsburys.co.uk/shop/gb/groceries/drinks/ale-stout,bitter,0.0,BATH ALES BARNSEY 500ML,£2.00/unit,2.0,£4.00 / 1 ltr,4.0,1,ltr,4.0,l,,
2015-11-12 05:00:23.154087,SAINSBURY,210204,"Dry Spaghetti or pasta, 500g",http://www.sainsburys.co.uk/shop/gb/groceries/food-cupboard/pasta,500g,1.0,NAPOLINA BRONZE DIE FUSILLI 500G,£1.55/unit,1.55,£3.10 / 1 kg,3.1,1,kg,3.1,kg,,
2015-11-12 05:00:23.158048,SAINSBURY,210204,"Dry Spaghetti or pasta, 500g",http://www.sainsburys.co.uk/shop/gb/groceries/food-cupboard/pasta,500g,1.0,NAPOLINA BRONZE DIE PENNE 500G,£1.55/unit,1.55,£3.10 / 1 kg,3.1,1,kg,3.1,kg,,
2015-11-12 05:00:23.161926,SAINSBURY,210204,"Dry Spaghetti or pasta, 500g",http://www.sainsburys.co.uk/shop/gb/groceries/food-cupboard/pasta,500g,1.0,NAPOLINA BRONZE DIE SPAGHETTI 500G,£1.55/unit,1.55,£3.10 / 1 kg,3.1,1,kg,3.1,kg,,
2015-11-12 05:00:23.167262,SAINSBURY,210214,"Breakfast Cereal 2, NOT sugar/chocolate coated",http://www.sainsburys.co.uk/shop/gb/groceries/food-cupboard/healthier-cereals,,1.0,KELLOGG'S ALL-BRAN 500G,£2.10/unit,2.1,£0.42 / 100g,0.42,100,g,4.2,kg,,
2015-11-12 05:00:23.171702,SAINSBURY,210214,"Breakfast Cereal 2, NOT sugar/chocolate coated",http://www.sainsburys.co.uk/shop/gb/groceries/food-cupboard/healthier-cereals,,1.0,KELLOGG'S BRAN FLAKES 500G,£2.10/unit,2.1,£0.42 / 100g,0.42,100,g,4.2,kg,,
2015-11-12 05:00:23.175954,SAINSBURY,210214,"Breakfast Cereal 2, NOT sugar/chocolate coated",http://www.sainsburys.co.uk/shop/gb/groceries/food-cupboard/healthier-cereals,,1.0,KELLOGG'S FROSTED WHEATS 500G,£2.70/unit,2.7,£0.54 / 100g,0.54,100,g,5.4,kg,,
2015-11-12 05:00:23.188167,SAINSBURY,212011,"Cola Flavoured Drink, bottle",http://www.sainsburys.co.uk/shop/gb/groceries/drinks/single-bottles---cans,cola,0.0,CHERRY COKE 500ML,£1.25/unit,1.25,£0.25 / 100ml,0.25,100,ml,2.5,l,"Buy any 2 for £2.00,PLUS Meal Deal for £3.00","Buy any 2 for £2.00,PLUS Meal Deal for £3.00"
2015-11-12 05:00:23.192682,SAINSBURY,310207,"Bitter, 4 cans, 3.4%-7.5% ABV",http://www.sainsburys.co.uk/shop/gb/groceries/drinks/ale-stout,bitter,1.0,BATH ALES GEM BITTER 500ML,£2.00/unit,2.0,£4.00 / 1 ltr,4.0,1,ltr,4.0,l,,
2015-11-12 05:00:23.195884,SAINSBURY,310207,"Bitter, 4 cans, 3.4%-7.5% ABV",http://www.sainsburys.co.uk/shop/gb/groceries/drinks/ale-stout,bitter,0.0,BATH ALES GOLDEN HARE 500ML 4.4%,£2.00/unit,2.0,£4.00 / 1 ltr,4.0,1,ltr,4.0,l,,
2015-11-12 05:00:23.198930,SAINSBURY,310207,"Bitter, 4 cans, 3.4%-7.5% ABV",http://www.sainsburys.co.uk/shop/gb/groceries/drinks/ale-stout,bitter,0.0,BISHOP'S FINGER ALE 500ML,£2.00/unit,2.0,£4.00 / 1 ltr,4.0,1,ltr,4.0,l,Buy any 3 for £5.00,Buy any 3 for £5.00
2015-11-12 05:00:23.201947,SAINSBURY,310207,"Bitter, 4 cans, 3.4%-7.5% ABV",http://www.sainsburys.co.uk/shop/gb/groceries/drinks/ale-stout,bitter,0.0,BLACK SHEEP ALE 500ML,£2.00/unit,2.0,£4.00 / 1 ltr,4.0,1,ltr,4.0,l,Buy any 3 for £5.00,Buy any 3 for £5.00
2015-11-12 05:00:23.205900,SAINSBURY,210204,"Dry Spaghetti or pasta, 500g",http://www.sainsburys.co.uk/shop/gb/groceries/food-cupboard/pasta,500g,1.0,NAPOLINA BRONZE DIE TORTIGLIONI 500G,£1.55/unit,1.55,£3.10 / 1 kg,3.1,1,kg,3.1,kg,,
2015-11-12 05:00:23.209697,SAINSBURY,210204,"Dry Spaghetti or pasta, 500g",http://www.sainsburys.co.uk/shop/gb/groceries/food-cupboard/pasta,500g,1.0,NAPOLINA CONCHIGLIE 500G,£1.55/unit,1.55,£3.10 / 1 kg,3.1,1,kg,3.1,kg,,
2015-11-12 05:00:23.213286,SAINSBURY,210204,"Dry Spaghetti or pasta, 500g",http://www.sainsburys.co.uk/shop/gb/groceries/food-cupboard/pasta,500g,1.0,NAPOLINA FARFALLE 500G,£1.55/unit,1.55,£3.10 / 1 kg,3.1,1,kg,3.1,kg,,
2015-11-12 05:00:23.217456,SAINSBURY,210214,"Breakfast Cereal 2, NOT sugar/chocolate coated",http://www.sainsburys.co.uk/shop/gb/groceries/food-cupboard/healthier-cereals,,1.0,KELLOGG'S FRUIT 'N' FIBRE CEREAL 500G,£2.70/unit,2.7,£0.54 / 100g,0.54,100,g,5.4,kg,,
2015-11-12 05:00:23.221568,SAINSBURY,210214,"Breakfast Cereal 2, NOT sugar/chocolate coated",http://www.sainsburys.co.uk/shop/gb/groceries/food-cupboard/healthier-cereals,,1.0,KELLOGG'S FRUIT 'N' FIBRE CEREAL 750G,£3.00/unit,3.0,£0.40 / 100g,0.4,100,g,4.0,kg,,
2015-11-12 05:00:23.225523,SAINSBURY,210214,"Breakfast Cereal 2, NOT sugar/chocolate coated",http://www.sainsburys.co.uk/shop/gb/groceries/food-cupboard/healthier-cereals,,1.0,KELLOGG'S GLUTEN FREE PUFFED CORN CEREAL 300G,£3.00/unit,3.0,£1.00 / 100g,1.0,100,g,10.0,kg,,
2015-11-12 05:00:23.228832,SAINSBURY,212011,"Cola Flavoured Drink, bottle",http://www.sainsburys.co.uk/shop/gb/groceries/drinks/single-bottles---cans,cola,1.0,COCA COLA 330ML,£0.65/unit,0.65,£0.20 / 100ml,0.2,100,ml,2.0,l,,
2015-11-12 05:00:23.232107,SAINSBURY,212011,"Cola Flavoured Drink, bottle",http://www.sainsburys.co.uk/shop/gb/groceries/drinks/single-bottles---cans,cola,1.0,COCA COLA 500ML,£1.25/unit,1.25,£0.25 / 100ml,0.25,100,ml,2.5,l,"Buy any 2 for £2.00,PLUS Meal Deal for £3.00","Buy any 2 for £2.00,PLUS Meal Deal for £3.00"
2015-11-12 05:00:23.235388,SAINSBURY,212011,"Cola Flavoured Drink, bottle",http://www.sainsburys.co.uk/shop/gb/groceries/drinks/single-bottles---cans,cola,1.0,COCA COLA LIFE 500ML,£1.25/unit,1.25,£0.25 / 100ml,0.25,100,ml,2.5,l,"Buy any 2 for £2.00,PLUS Meal Deal for £3.00","Buy any 2 for £2.00,PLUS Meal Deal for £3.00"
2015-11-12 05:00:23.238614,SAINSBURY,310207,"Bitter, 4 cans, 3.4%-7.5% ABV",http://www.sainsburys.co.uk/shop/gb/groceries/drinks/ale-stout,bitter,0.0,BLACK SHEEP GOLDEN SHEEP ALE 500ML,£2.00/unit,2.0,£4.00 / 1 ltr,4.0,1,ltr,4.0,l,Buy any 3 for £5.00,Buy any 3 for £5.00
2015-11-12 05:00:23.241545,SAINSBURY,310207,"Bitter, 4 cans, 3.4%-7.5% ABV",http://www.sainsburys.co.uk/shop/gb/groceries/drinks/ale-stout,bitter,0.0,BLUE MOON AMERICAN CRAFT BEER 355ML (5.4% ABV),£1.75/unit,1.75,£4.93 / 1 ltr,4.93,1,ltr,4.93,l,Buy any 2 for £3.00,Buy any 2 for £3.00
2015-11-12 05:00:23.244406,SAINSBURY,310207,"Bitter, 4 cans, 3.4%-7.5% ABV",http://www.sainsburys.co.uk/shop/gb/groceries/drinks/ale-stout,bitter,1.0,BODDINGTONS DRAUGHT BITTER 4X440ML,£4.00/unit,4.0,£2.27 / 1 ltr,2.27,1,ltr,2.27,l,,
2015-11-12 05:00:23.246853,SAINSBURY,310207,"Bitter, 4 cans, 3.4%-7.5% ABV",http://www.sainsburys.co.uk/shop/gb/groceries/drinks/ale-stout,bitter,0.0,BRAINS REVEREND JAMES ALE 500ML,£2.00/unit,2.0,£4.00 / 1 ltr,4.0,1,ltr,4.0,l,,
2015-11-12 05:00:23.250377,SAINSBURY,210204,"Dry Spaghetti or pasta, 500g",http://www.sainsburys.co.uk/shop/gb/groceries/food-cupboard/pasta,500g,1.0,NAPOLINA FUSILLI 500G,£1.55/unit,1.55,£3.10 / 1 kg,3.1,1,kg,3.1,kg,,
2015-11-12 05:00:23.253843,SAINSBURY,210204,"Dry Spaghetti or pasta, 500g",http://www.sainsburys.co.uk/shop/gb/groceries/food-cupboard/pasta,500g,1.0,NAPOLINA PENNE 500G,£1.55/unit,1.55,£3.10 / 1 kg,3.1,1,kg,3.1,kg,,
2015-11-12 05:00:23.257214,SAINSBURY,210204,"Dry Spaghetti or pasta, 500g",http://www.sainsburys.co.uk/shop/gb/groceries/food-cupboard/pasta,500g,1.0,NAPOLINA RIGATONI PASTA 500G,£1.55/unit,1.55,£3.10 / 1 kg,3.1,1,kg,3.1,kg,,
2015-11-12 05:00:23.261150,SAINSBURY,210214,"Breakfast Cereal 2, NOT sugar/chocolate coated",http://www.sainsburys.co.uk/shop/gb/groceries/food-cupboard/healthier-cereals,,1.0,KELLOGG'S JUST RIGHT CEREAL 500G,£2.00/unit,2.0,£0.40 / 100g,0.4,100,g,4.0,kg,Only £2.00: Save £1.00,Only £2.00: Save £1.00
2015-11-12 05:00:23.265011,SAINSBURY,210214,"Breakfast Cereal 2, NOT sugar/chocolate coated",http://www.sainsburys.co.uk/shop/gb/groceries/food-cupboard/healthier-cereals,,1.0,KELLOGG'S RAISIN WHEATS 500G,£2.70/unit,2.7,£0.54 / 100g,0.54,100,g,5.4,kg,,
2015-11-12 05:00:23.268649,SAINSBURY,210214,"Breakfast Cereal 2, NOT sugar/chocolate coated",http://www.sainsburys.co.uk/shop/gb/groceries/food-cupboard/healthier-cereals,,1.0,KELLOGG'S SPECIAL K 370G,£2.50/unit,2.5,£0.68 / 100g,0.68,100,g,6.8,kg,,
2015-11-12 05:00:23.271698,SAINSBURY,212011,"Cola Flavoured Drink, bottle",http://www.sainsburys.co.uk/shop/gb/groceries/drinks/single-bottles---cans,cola,1.0,COCA COLA MINI 150ML,£0.45/unit,0.45,£0.30 / 100ml,0.3,100,ml,3.0,l,,
2015-11-12 05:00:23.274677,SAINSBURY,212011,"Cola Flavoured Drink, bottle",http://www.sainsburys.co.uk/shop/gb/groceries/drinks/single-bottles---cans,cola,0.0,COKE ZERO 330ML,£0.65/unit,0.65,£0.20 / 100ml,0.2,100,ml,2.0,l,,
2015-11-12 05:00:23.277619,SAINSBURY,212011,"Cola Flavoured Drink, bottle",http://www.sainsburys.co.uk/shop/gb/groceries/drinks/single-bottles---cans,cola,0.0,COKE ZERO 500ML,£1.25/unit,1.25,£0.25 / 100ml,0.25,100,ml,2.5,l,"Buy any 2 for £2.00,PLUS Meal Deal for £3.00","Buy any 2 for £2.00,PLUS Meal Deal for £3.00"
2015-11-12 05:00:23.280532,SAINSBURY,212011,"Cola Flavoured Drink, bottle",http://www.sainsburys.co.uk/shop/gb/groceries/drinks/single-bottles---cans,cola,0.0,DIET COKE 330ML,£0.65/unit,0.65,£0.20 / 100ml,0.2,100,ml,2.0,l,,
2015-11-12 05:00:23.290430,SAINSBURY,310207,"Bitter, 4 cans, 3.4%-7.5% ABV",http://www.sainsburys.co.uk/shop/gb/groceries/drinks/ale-stout,bitter,0.0,BRAINS SA GOLD 500ML,£2.00/unit,2.0,£4.00 / 1 ltr,4.0,1,ltr,4.0,l,,
2015-11-12 05:00:23.292848,SAINSBURY,310207,"Bitter, 4 cans, 3.4%-7.5% ABV",http://www.sainsburys.co.uk/shop/gb/groceries/drinks/ale-stout,bitter,0.0,BRAKSPEAR OXFORD GOLD 500ML (4.6% ABV),£2.00/unit,2.0,£4.00 / 1 ltr,4.0,1,ltr,4.0,l,Buy any 3 for £5.00,Buy any 3 for £5.00
2015-11-12 05:00:23.295081,SAINSBURY,310207,"Bitter, 4 cans, 3.4%-7.5% ABV",http://www.sainsburys.co.uk/shop/gb/groceries/drinks/ale-stout,bitter,0.0,BREWDOG 5AM SAINT 330ML,£1.75/unit,1.75,£5.30 / 1 ltr,5.3,1,ltr,5.3,l,,
2015-11-12 05:00:23.303221,SAINSBURY,210204,"Dry Spaghetti or pasta, 500g",http://www.sainsburys.co.uk/shop/gb/groceries/food-cupboard/pasta,500g,1.0,NAPOLINA SPAGHETTI 500G,£1.55/unit,1.55,£3.10 / 1 kg,3.1,1,kg,3.1,kg,,
2015-11-12 05:00:23.307221,SAINSBURY,210204,"Dry Spaghetti or pasta, 500g",http://www.sainsburys.co.uk/shop/gb/groceries/food-cupboard/pasta,500g,1.0,NAPOLINA WHOLEWHEAT MAFALDA CORTA 500G,£1.00/unit,1.0,£2.00 / 1 kg,2.0,1,kg,2.0,kg,Only £1.00: Save 55p,Only £1.00: Save 55p
2015-11-12 05:00:23.311144,SAINSBURY,210204,"Dry Spaghetti or pasta, 500g",http://www.sainsburys.co.uk/shop/gb/groceries/food-cupboard/pasta,500g,1.0,NAPOLINA WHOLEWHEAT PENNE 500G,£1.00/unit,1.0,£2.00 / 1 kg,2.0,1,kg,2.0,kg,Only £1.00: Save 55p,Only £1.00: Save 55p
2015-11-12 05:00:23.315721,SAINSBURY,210214,"Breakfast Cereal 2, NOT sugar/chocolate coated",http://www.sainsburys.co.uk/shop/gb/groceries/food-cupboard/healthier-cereals,,1.0,KELLOGG'S SPECIAL K 750G,£4.00/unit,4.0,£0.53 / 100g,0.53,100,g,5.3,kg,,
2015-11-12 05:00:23.319147,SAINSBURY,210214,"Breakfast Cereal 2, NOT sugar/chocolate coated",http://www.sainsburys.co.uk/shop/gb/groceries/food-cupboard/healthier-cereals,,1.0,KELLOGG'S SPECIAL K FRUIT & NUT 410G,£3.00/unit,3.0,£0.73 / 100g,0.73,100,g,7.3,kg,,
2015-11-12 05:00:23.322453,SAINSBURY,210214,"Breakfast Cereal 2, NOT sugar/chocolate coated",http://www.sainsburys.co.uk/shop/gb/groceries/food-cupboard/healthier-cereals,,1.0,KELLOGG'S SPECIAL K OATS & HONEY 420G,£3.00/unit,3.0,£0.71 / 100g,0.71,100,g,7.1,kg,,
2015-11-12 05:00:23.325063,SAINSBURY,212011,"Cola Flavoured Drink, bottle",http://www.sainsburys.co.uk/shop/gb/groceries/drinks/single-bottles---cans,cola,0.0,DIET COKE 500ML,£1.25/unit,1.25,£0.25 / 100ml,0.25,100,ml,2.5,l,"Buy any 2 for £2.00,PLUS Meal Deal for £3.00","Buy any 2 for £2.00,PLUS Meal Deal for £3.00"
2015-11-12 05:00:23.327736,SAINSBURY,212011,"Cola Flavoured Drink, bottle",http://www.sainsburys.co.uk/shop/gb/groceries/drinks/single-bottles---cans,cola,0.0,DIET COKE CAFFEINE FREE 500ML,£1.25/unit,1.25,£0.25 / 100ml,0.25,100,ml,2.5,l,"Buy any 2 for £2.00,PLUS Meal Deal for £3.00","Buy any 2 for £2.00,PLUS Meal Deal for £3.00"
2015-11-12 05:00:23.330263,SAINSBURY,212011,"Cola Flavoured Drink, bottle",http://www.sainsburys.co.uk/shop/gb/groceries/drinks/single-bottles---cans,cola,0.0,DIET COKE MINI 150ML,£0.45/unit,0.45,£0.30 / 100ml,0.3,100,ml,3.0,l,,
2015-11-12 05:00:23.332544,SAINSBURY,212011,"Cola Flavoured Drink, bottle",http://www.sainsburys.co.uk/shop/gb/groceries/drinks/single-bottles---cans,cola,0.0,DIET PEPSI 600ML,£1.25/unit,1.25,£0.21 / 100ml,0.21,100,ml,2.1,l,Buy any 2 for £2.00,Buy any 2 for £2.00
2015-11-12 05:00:23.341244,SAINSBURY,210204,"Dry Spaghetti or pasta, 500g",http://www.sainsburys.co.uk/shop/gb/groceries/food-cupboard/pasta,500g,1.0,NAPOLINA WHOLEWHEAT SPAGHETTI 500G,£1.00/unit,1.0,£2.00 / 1 kg,2.0,1,kg,2.0,kg,Only £1.00: Save 55p,Only £1.00: Save 55p
2015-11-12 05:00:23.344379,SAINSBURY,210204,"Dry Spaghetti or pasta, 500g",http://www.sainsburys.co.uk/shop/gb/groceries/food-cupboard/pasta,500g,1.0,SAINSBURY'S ALPHABET SHAPES 500G,£0.85/unit,0.85,£1.70 / 1 kg,1.7,1,kg,1.7,kg,Buy any 2 for £1.50,Buy any 2 for £1.50
2015-11-12 05:00:23.347888,SAINSBURY,210204,"Dry Spaghetti or pasta, 500g",http://www.sainsburys.co.uk/shop/gb/groceries/food-cupboard/pasta,500g,0.0,SAINSBURY'S CANNELLONI 250G,£0.65/unit,0.65,£2.60 / 1 kg,2.6,1,kg,2.6,kg,,
2015-11-12 05:00:23.350489,SAINSBURY,210204,"Dry Spaghetti or pasta, 500g",http://www.sainsburys.co.uk/shop/gb/groceries/food-cupboard/pasta,500g,1.0,SAINSBURY'S CAPELLINI (ANGEL HAIR) 500G,£0.85/unit,0.85,£1.70 / 1 kg,1.7,1,kg,1.7,kg,Buy any 2 for £1.50,Buy any 2 for £1.50
2015-11-12 05:00:23.353907,SAINSBURY,210214,"Breakfast Cereal 2, NOT sugar/chocolate coated",http://www.sainsburys.co.uk/shop/gb/groceries/food-cupboard/healthier-cereals,,1.0,KELLOGG'S SPECIAL K ORIGINAL 500G,£3.00/unit,3.0,£0.60 / 100g,0.6,100,g,6.0,kg,,
2015-11-12 05:00:23.357076,SAINSBURY,210214,"Breakfast Cereal 2, NOT sugar/chocolate coated",http://www.sainsburys.co.uk/shop/gb/groceries/food-cupboard/healthier-cereals,,1.0,KELLOGG'S SPECIAL K PEACH & APRICOT 360G,£3.00/unit,3.0,£0.83 / 100g,0.83,100,g,8.3,kg,,
2015-11-12 05:00:23.360033,SAINSBURY,210214,"Breakfast Cereal 2, NOT sugar/chocolate coated",http://www.sainsburys.co.uk/shop/gb/groceries/food-cupboard/healthier-cereals,,1.0,KELLOGG'S SPECIAL K PROTEIN CRUNCH 390G,£3.50/unit,3.5,£0.90 / 100g,0.9,100,g,9.0,kg,,
2015-11-12 05:00:23.362865,SAINSBURY,210214,"Breakfast Cereal 2, NOT sugar/chocolate coated",http://www.sainsburys.co.uk/shop/gb/groceries/food-cupboard/healthier-cereals,,1.0,KELLOGG'S SPECIAL K RED BERRIES 360G,£3.00/unit,3.0,£0.83 / 100g,0.83,100,g,8.3,kg,,
2015-11-12 05:00:23.365165,SAINSBURY,212011,"Cola Flavoured Drink, bottle",http://www.sainsburys.co.uk/shop/gb/groceries/drinks/single-bottles---cans,cola,0.0,PEPSI 500ML,£1.25/unit,1.25,£0.25 / 100ml,0.25,100,ml,2.5,l,Buy any 2 for £2.00,Buy any 2 for £2.00
2015-11-12 05:00:23.386142,SAINSBURY,210204,"Dry Spaghetti or pasta, 500g",http://www.sainsburys.co.uk/shop/gb/groceries/food-cupboard/pasta,500g,1.0,SAINSBURY'S CASARECCE 500G,£0.85/unit,0.85,£1.70 / 1 kg,1.7,1,kg,1.7,kg,Buy any 2 for £1.50,Buy any 2 for £1.50
2015-11-12 05:00:23.388688,SAINSBURY,210204,"Dry Spaghetti or pasta, 500g",http://www.sainsburys.co.uk/shop/gb/groceries/food-cupboard/pasta,500g,1.0,SAINSBURY'S CHILLI PENNE 500G,£0.85/unit,0.85,£1.70 / 1 kg,1.7,1,kg,1.7,kg,Buy any 2 for £1.50,Buy any 2 for £1.50
2015-11-12 05:00:23.391048,SAINSBURY,210204,"Dry Spaghetti or pasta, 500g",http://www.sainsburys.co.uk/shop/gb/groceries/food-cupboard/pasta,500g,0.0,SAINSBURY'S CONCHIGLIE (SHELLS) 1KG,£1.20/unit,1.2,£1.20 / 1 kg,1.2,1,kg,1.2,kg,,
2015-11-12 05:00:23.393260,SAINSBURY,210204,"Dry Spaghetti or pasta, 500g",http://www.sainsburys.co.uk/shop/gb/groceries/food-cupboard/pasta,500g,1.0,SAINSBURY'S CONCHIGLIE (SHELLS) 500G,£0.85/unit,0.85,£1.70 / 1 kg,1.7,1,kg,1.7,kg,Buy any 2 for £1.50,Buy any 2 for £1.50
2015-11-12 05:00:23.397293,SAINSBURY,210214,"Breakfast Cereal 2, NOT sugar/chocolate coated",http://www.sainsburys.co.uk/shop/gb/groceries/food-cupboard/healthier-cereals,,1.0,KELLOGG'S SPECIAL K RED BERRIES 500G,£4.00/unit,4.0,£0.80 / 100g,0.8,100,g,8.0,kg,,
2015-11-12 05:00:23.399986,SAINSBURY,210214,"Breakfast Cereal 2, NOT sugar/chocolate coated",http://www.sainsburys.co.uk/shop/gb/groceries/food-cupboard/healthier-cereals,,1.0,KELLOGG'S SULTANA BRAN 500G,£2.90/unit,2.9,£0.58 / 100g,0.58,100,g,5.8,kg,,
2015-11-12 05:00:23.402561,SAINSBURY,210214,"Breakfast Cereal 2, NOT sugar/chocolate coated",http://www.sainsburys.co.uk/shop/gb/groceries/food-cupboard/healthier-cereals,,1.0,MORNFLAKE CHOCOLATE ORANGE SQUARES 375G,£2.20/unit,2.2,£0.59 / 100g,0.59,100,g,5.9,kg,,
2015-11-12 05:00:23.405048,SAINSBURY,210214,"Breakfast Cereal 2, NOT sugar/chocolate coated",http://www.sainsburys.co.uk/shop/gb/groceries/food-cupboard/healthier-cereals,,1.0,NAIRN'S GLUTEN FREE SCOTTISH PORRIDGE OATS 450G,£2.00/unit,2.0,£0.44 / 100g,0.44,100,g,4.4,kg,,
2015-11-12 05:00:23.410670,SAINSBURY,210213,"Breakfast Cereal 1, sugar/chocolate coated",http://www.sainsburys.co.uk/shop/gb/groceries/food-cupboard/kids-cereals,,1.0,HONEY MONSTER PUFFS 320G,£2.50/unit,2.5,£0.78 / 100g,0.78,100,g,7.8,kg,,
2015-11-12 05:00:23.415630,SAINSBURY,210213,"Breakfast Cereal 1, sugar/chocolate coated",http://www.sainsburys.co.uk/shop/gb/groceries/food-cupboard/kids-cereals,,1.0,KELLOGG'S COCO POPS 295G,£2.10/unit,2.1,£0.71 / 100g,0.71,100,g,7.1,kg,,
2015-11-12 05:00:23.424279,SAINSBURY,210214,"Breakfast Cereal 2, NOT sugar/chocolate coated",http://www.sainsburys.co.uk/shop/gb/groceries/food-cupboard/healthier-cereals,,1.0,NATURE'S PATH GLUTEN FREE CRISPY RICE 284G,£3.00/unit,3.0,£1.06 / 100g,1.06,100,g,10.6,kg,,
2015-11-12 05:00:23.426570,SAINSBURY,210214,"Breakfast Cereal 2, NOT sugar/chocolate coated",http://www.sainsburys.co.uk/shop/gb/groceries/food-cupboard/healthier-cereals,,1.0,NATURE'S STORE HIGH PROTEIN CEREAL 300G,£3.50/unit,3.5,£1.17 / 100g,1.17,100,g,11.7,kg,,
2015-11-12 05:00:23.428778,SAINSBURY,210214,"Breakfast Cereal 2, NOT sugar/chocolate coated",http://www.sainsburys.co.uk/shop/gb/groceries/food-cupboard/healthier-cereals,,1.0,NESTLE HONEY NUT SHREDDED WHEAT 500G,£2.50/unit,2.5,£0.50 / 100g,0.5,100,g,5.0,kg,,
2015-11-12 05:00:23.436568,SAINSBURY,210213,"Breakfast Cereal 1, sugar/chocolate coated",http://www.sainsburys.co.uk/shop/gb/groceries/food-cupboard/kids-cereals,,1.0,KELLOGG'S COCO POPS 800G,£3.60/unit,3.6,£0.45 / 100g,0.45,100,g,4.5,kg,,
2015-11-12 05:00:23.441308,SAINSBURY,210213,"Breakfast Cereal 1, sugar/chocolate coated",http://www.sainsburys.co.uk/shop/gb/groceries/food-cupboard/kids-cereals,,1.0,KELLOGG'S COCO POPS CEREAL 550G,£2.00/unit,2.0,£0.36 / 100g,0.36,100,g,3.6,kg,Only £2.00: Save 80p,Only £2.00: Save 80p
2015-11-12 05:00:23.445917,SAINSBURY,210213,"Breakfast Cereal 1, sugar/chocolate coated",http://www.sainsburys.co.uk/shop/gb/groceries/food-cupboard/kids-cereals,,1.0,KELLOGG'S COCO POPS PORRIDGE 7X27G,£2.00/unit,2.0,£1.06 / 100g,1.06,100,g,10.6,kg,,
2015-11-12 05:00:23.458560,SAINSBURY,210213,"Breakfast Cereal 1, sugar/chocolate coated",http://www.sainsburys.co.uk/shop/gb/groceries/food-cupboard/kids-cereals,,1.0,KELLOGG'S COCO POPS ROCKS 390G,£2.50/unit,2.5,£0.71 / 100g,0.71,100,g,7.1,kg,,
2015-11-12 05:00:23.462952,SAINSBURY,210213,"Breakfast Cereal 1, sugar/chocolate coated",http://www.sainsburys.co.uk/shop/gb/groceries/food-cupboard/kids-cereals,,1.0,KELLOGG'S DISNEY FROZEN CEREAL 350G,£2.80/unit,2.8,£0.80 / 100g,0.8,100,g,8.0,kg,,
2015-11-12 05:00:23.467140,SAINSBURY,210213,"Breakfast Cereal 1, sugar/chocolate coated",http://www.sainsburys.co.uk/shop/gb/groceries/food-cupboard/kids-cereals,,1.0,KELLOGG'S FROSTIES 500G,£2.30/unit,2.3,£0.46 / 100g,0.46,100,g,4.6,kg,,
2015-11-12 05:00:23.472587,SAINSBURY,210213,"Breakfast Cereal 1, sugar/chocolate coated",http://www.sainsburys.co.uk/shop/gb/groceries/food-cupboard/kids-cereals,,1.0,KELLOGG'S FROSTIES 750G,£2.70/unit,2.7,£0.36 / 100g,0.36,100,g,3.6,kg,,
2015-11-12 05:00:23.476613,SAINSBURY,210213,"Breakfast Cereal 1, sugar/chocolate coated",http://www.sainsburys.co.uk/shop/gb/groceries/food-cupboard/kids-cereals,,1.0,KELLOGG'S KRAVE CHOCO ROULETTE 375G,£2.80/unit,2.8,£0.75 / 100g,0.75,100,g,7.5,kg,,
2015-11-12 05:00:23.480572,SAINSBURY,210213,"Breakfast Cereal 1, sugar/chocolate coated",http://www.sainsburys.co.uk/shop/gb/groceries/food-cupboard/kids-cereals,,1.0,KELLOGG'S KRAVE CHOCOLATE HAZELNUT 375G,£2.80/unit,2.8,£0.75 / 100g,0.75,100,g,7.5,kg,,
2015-11-12 05:00:23.497984,SAINSBURY,210213,"Breakfast Cereal 1, sugar/chocolate coated",http://www.sainsburys.co.uk/shop/gb/groceries/food-cupboard/kids-cereals,,1.0,KELLOGG'S KRAVE MILK CHOCOLATE 375G,£2.80/unit,2.8,£0.75 / 100g,0.75,100,g,7.5,kg,,
2015-11-12 05:00:23.501729,SAINSBURY,210213,"Breakfast Cereal 1, sugar/chocolate coated",http://www.sainsburys.co.uk/shop/gb/groceries/food-cupboard/kids-cereals,,1.0,KELLOGG'S RICE KRISPIES 510G,£2.00/unit,2.0,£0.39 / 100g,0.39,100,g,3.9,kg,Only £2.00: Save 80p,Only £2.00: Save 80p
2015-11-12 05:00:23.505437,SAINSBURY,210213,"Breakfast Cereal 1, sugar/chocolate coated",http://www.sainsburys.co.uk/shop/gb/groceries/food-cupboard/kids-cereals,,1.0,KELLOGG'S RICE KRISPIES 700G,£3.60/unit,3.6,£0.51 / 100g,0.51,100,g,5.1,kg,,
2015-11-12 05:00:23.512005,SAINSBURY,310218,"Apple Cider, bottle, 4.5%-5.5% ABV",http://www.sainsburys.co.uk/shop/gb/groceries/drinks/cider,apple cider,0.5,ADDLESTONES CLOUDY CIDER 500ML,£2.00/unit,2.0,£4.00 / 1 ltr,4.0,1,ltr,4.0,l,Buy any 3 for £5.00,Buy any 3 for £5.00
2015-11-12 05:00:23.517054,SAINSBURY,310218,"Apple Cider, bottle, 4.5%-5.5% ABV",http://www.sainsburys.co.uk/shop/gb/groceries/drinks/cider,apple cider,0.0,ASPALL IMPERIAL VINTAGE 285 SUFFOLK CYDER 500ML,£2.50/unit,2.5,£5.00 / 1 ltr,5.0,1,ltr,5.0,l,,
2015-11-12 05:00:23.520758,SAINSBURY,210213,"Breakfast Cereal 1, sugar/chocolate coated",http://www.sainsburys.co.uk/shop/gb/groceries/food-cupboard/kids-cereals,,1.0,KELLOGG'S RICE KRISPIES MULTIGRAIN 350G,£2.70/unit,2.7,£0.77 / 100g,0.77,100,g,7.7,kg,,
2015-11-12 05:00:23.524385,SAINSBURY,210213,"Breakfast Cereal 1, sugar/chocolate coated",http://www.sainsburys.co.uk/shop/gb/groceries/food-cupboard/kids-cereals,,1.0,KELLOGG'S RICICLES 450G,£2.70/unit,2.7,£0.60 / 100g,0.6,100,g,6.0,kg,,
2015-11-12 05:00:23.528419,SAINSBURY,210213,"Breakfast Cereal 1, sugar/chocolate coated",http://www.sainsburys.co.uk/shop/gb/groceries/food-cupboard/kids-cereals,,1.0,KELLOGG'S VARIETY CEREAL PACK X8 185G,£2.10/unit,2.1,£1.14 / 100g,1.14,100,g,11.4,kg,,
2015-11-12 05:00:23.533263,SAINSBURY,310218,"Apple Cider, bottle, 4.5%-5.5% ABV",http://www.sainsburys.co.uk/shop/gb/groceries/drinks/cider,apple cider,0.0,ASPALL PREMIER CRU DRY CYDER 500ML,£2.00/unit,2.0,£4.00 / 1 ltr,4.0,1,ltr,4.0,l,,
2015-11-12 05:00:23.537975,SAINSBURY,310218,"Apple Cider, bottle, 4.5%-5.5% ABV",http://www.sainsburys.co.uk/shop/gb/groceries/drinks/cider,apple cider,0.0,ASPALL SUFFOLK DRAUGHT CYDER 500ML,£2.00/unit,2.0,£4.00 / 1 ltr,4.0,1,ltr,4.0,l,,
2015-11-12 05:00:23.542559,SAINSBURY,310218,"Apple Cider, bottle, 4.5%-5.5% ABV",http://www.sainsburys.co.uk/shop/gb/groceries/drinks/cider,apple cider,0.0,ASPALL SUFFOLK ORGANIC CYDER 500ML,£2.00/unit,2.0,£4.00 / 1 ltr,4.0,1,ltr,4.0,l,,
2015-11-12 05:00:23.545986,SAINSBURY,210213,"Breakfast Cereal 1, sugar/chocolate coated",http://www.sainsburys.co.uk/shop/gb/groceries/food-cupboard/kids-cereals,,1.0,MORNFLAKE CHOCOLATEY SQUARES 500G,£2.20/unit,2.2,£0.44 / 100g,0.44,100,g,4.4,kg,,
2015-11-12 05:00:23.549148,SAINSBURY,210213,"Breakfast Cereal 1, sugar/chocolate coated",http://www.sainsburys.co.uk/shop/gb/groceries/food-cupboard/kids-cereals,,1.0,NESTLE CHEERIOS 375G,£2.50/unit,2.5,£0.67 / 100g,0.67,100,g,6.7,kg,,
2015-11-12 05:00:23.552159,SAINSBURY,210213,"Breakfast Cereal 1, sugar/chocolate coated",http://www.sainsburys.co.uk/shop/gb/groceries/food-cupboard/kids-cereals,,1.0,NESTLE CHEERIOS 600G,£2.95/unit,2.95,£0.49 / 100g,0.49,100,g,4.9,kg,,
2015-11-12 05:00:23.555038,SAINSBURY,210213,"Breakfast Cereal 1, sugar/chocolate coated",http://www.sainsburys.co.uk/shop/gb/groceries/food-cupboard/kids-cereals,,1.0,NESTLE COOKIE CRISP CEREAL 375G,£2.00/unit,2.0,£0.53 / 100g,0.53,100,g,5.3,kg,,
2015-11-12 05:00:23.559642,SAINSBURY,310218,"Apple Cider, bottle, 4.5%-5.5% ABV",http://www.sainsburys.co.uk/shop/gb/groceries/drinks/cider,apple cider,0.5,BULMERS BOLD BLACK CHERRY CIDER 568ML,£2.00/unit,2.0,£3.52 / 1 ltr,3.52,1,ltr,3.52,l,Buy any 3 for £5.00,Buy any 3 for £5.00
2015-11-12 05:00:23.564185,SAINSBURY,310218,"Apple Cider, bottle, 4.5%-5.5% ABV",http://www.sainsburys.co.uk/shop/gb/groceries/drinks/cider,apple cider,0.5,BULMERS BOLD BLACK CHERRY CIDER 6X568ML,£9.50/unit,9.5,£2.79 / 1 ltr,2.79,1,ltr,2.79,l,,
2015-11-12 05:00:23.568536,SAINSBURY,310218,"Apple Cider, bottle, 4.5%-5.5% ABV",http://www.sainsburys.co.uk/shop/gb/groceries/drinks/cider,apple cider,0.5,BULMERS FIVE FRUIT HARVEST CIDER 568ML,£2.00/unit,2.0,£3.52 / 1 ltr,3.52,1,ltr,3.52,l,Buy any 3 for £5.00,Buy any 3 for £5.00
2015-11-12 05:00:23.578075,SAINSBURY,210213,"Breakfast Cereal 1, sugar/chocolate coated",http://www.sainsburys.co.uk/shop/gb/groceries/food-cupboard/kids-cereals,,1.0,NESTLE CURIOUSLY CINNAMON 375G,£2.50/unit,2.5,£0.67 / 100g,0.67,100,g,6.7,kg,,
2015-11-12 05:00:23.580863,SAINSBURY,210213,"Breakfast Cereal 1, sugar/chocolate coated",http://www.sainsburys.co.uk/shop/gb/groceries/food-cupboard/kids-cereals,,1.0,NESTLE GOLDEN GRAHAMS 375G,£2.50/unit,2.5,£0.67 / 100g,0.67,100,g,6.7,kg,,
2015-11-12 05:00:23.583490,SAINSBURY,210213,"Breakfast Cereal 1, sugar/chocolate coated",http://www.sainsburys.co.uk/shop/gb/groceries/food-cupboard/kids-cereals,,1.0,NESTLE GOLDEN NUGGETS 375G,£2.50/unit,2.5,£0.67 / 100g,0.67,100,g,6.7,kg,,
2015-11-12 05:00:23.586026,SAINSBURY,210213,"Breakfast Cereal 1, sugar/chocolate coated",http://www.sainsburys.co.uk/shop/gb/groceries/food-cupboard/kids-cereals,,1.0,NESTLE NESQUIK CHOCOLATE CEREAL 375G,£2.50/unit,2.5,£0.67 / 100g,0.67,100,g,6.7,kg,,
2015-11-12 05:00:23.590341,SAINSBURY,310218,"Apple Cider, bottle, 4.5%-5.5% ABV",http://www.sainsburys.co.uk/shop/gb/groceries/drinks/cider,apple cider,0.5,BULMERS NO.17 CRUSHED RED BERRIES & LIME CIDER 568ML,£2.00/unit,2.0,£3.52 / 1 ltr,3.52,1,ltr,3.52,l,Buy any 3 for £5.00,Buy any 3 for £5.00
2015-11-12 05:00:23.594589,SAINSBURY,310218,"Apple Cider, bottle, 4.5%-5.5% ABV",http://www.sainsburys.co.uk/shop/gb/groceries/drinks/cider,apple cider,0.5,BULMERS NO.17 CRUSHED RED BERRIES & LIME CIDER 6X568ML,£9.50/unit,9.5,£2.79 / 1 ltr,2.79,1,ltr,2.79,l,,
2015-11-12 05:00:23.598558,SAINSBURY,310218,"Apple Cider, bottle, 4.5%-5.5% ABV",http://www.sainsburys.co.uk/shop/gb/groceries/drinks/cider,apple cider,0.5,BULMERS ORIGINAL CIDER 568ML,£2.00/unit,2.0,£3.52 / 1 ltr,3.52,1,ltr,3.52,l,Buy any 3 for £5.00,Buy any 3 for £5.00
2015-11-12 05:00:23.602268,SAINSBURY,210213,"Breakfast Cereal 1, sugar/chocolate coated",http://www.sainsburys.co.uk/shop/gb/groceries/food-cupboard/kids-cereals,,1.0,NESTLE PICK-A-PACK 8 PACK,£1.80/unit,1.8,£0.63 / 100g,0.63,100,g,6.3,kg,,
2015-11-12 05:00:23.604649,SAINSBURY,210213,"Breakfast Cereal 1, sugar/chocolate coated",http://www.sainsburys.co.uk/shop/gb/groceries/food-cupboard/kids-cereals,,1.0,NESTLE SHREDDIES 1KG,£3.90/unit,3.9,£0.39 / 100g,0.39,100,g,3.9,kg,,
2015-11-12 05:00:23.606937,SAINSBURY,210213,"Breakfast Cereal 1, sugar/chocolate coated",http://www.sainsburys.co.uk/shop/gb/groceries/food-cupboard/kids-cereals,,1.0,NESTLE SHREDDIES 500G,£2.00/unit,2.0,£0.40 / 100g,0.4,100,g,4.0,kg,"Only £2.00: Save 50p,PLUS Only £2.00: Save 50p","Only £2.00: Save 50p,PLUS Only £2.00: Save 50p"
2015-11-12 05:00:23.613778,SAINSBURY,310218,"Apple Cider, bottle, 4.5%-5.5% ABV",http://www.sainsburys.co.uk/shop/gb/groceries/drinks/cider,apple cider,0.5,BULMERS ORIGINAL CIDER 8X568ML,£10.00/unit,10.0,£2.20 / 1 ltr,2.2,1,ltr,2.2,l,Buy any 2 for £18.00,Buy any 2 for £18.00
2015-11-12 05:00:23.617750,SAINSBURY,310218,"Apple Cider, bottle, 4.5%-5.5% ABV",http://www.sainsburys.co.uk/shop/gb/groceries/drinks/cider,apple cider,0.5,BULMERS PEAR CIDER 568ML,£2.00/unit,2.0,£3.52 / 1 ltr,3.52,1,ltr,3.52,l,Buy any 3 for £5.00,Buy any 3 for £5.00
2015-11-12 05:00:23.621518,SAINSBURY,310218,"Apple Cider, bottle, 4.5%-5.5% ABV",http://www.sainsburys.co.uk/shop/gb/groceries/drinks/cider,apple cider,0.5,BULMERS PEAR CIDER 8X568ML,£10.00/unit,10.0,£2.20 / 1 ltr,2.2,1,ltr,2.2,l,Buy any 2 for £18.00,Buy any 2 for £18.00
2015-11-12 05:00:23.642579,SAINSBURY,310218,"Apple Cider, bottle, 4.5%-5.5% ABV",http://www.sainsburys.co.uk/shop/gb/groceries/drinks/cider,apple cider,0.5,BULMERS ZESTY BLOOD ORANGE CIDER 568ML,£2.00/unit,2.0,£3.52 / 1 ltr,3.52,1,ltr,3.52,l,Buy any 3 for £5.00,Buy any 3 for £5.00
2015-11-12 05:00:23.646183,SAINSBURY,310218,"Apple Cider, bottle, 4.5%-5.5% ABV",http://www.sainsburys.co.uk/shop/gb/groceries/drinks/cider,apple cider,0.5,CHAPLIN & CORK'S SOMERSET GOLD CIDER 500ML,£2.00/unit,2.0,£4.00 / 1 ltr,4.0,1,ltr,4.0,l,Buy any 3 for £5.00,Buy any 3 for £5.00
2015-11-12 05:00:23.649634,SAINSBURY,310218,"Apple Cider, bottle, 4.5%-5.5% ABV",http://www.sainsburys.co.uk/shop/gb/groceries/drinks/cider,apple cider,0.5,FROME VALLEY DRY CIDER 500ML,£2.00/unit,2.0,£4.00 / 1 ltr,4.0,1,ltr,4.0,l,Buy any 3 for £5.00,Buy any 3 for £5.00
2015-11-12 05:00:23.656354,SAINSBURY,211501,"Cheese Cheddar, home produced, per kg",http://www.sainsburys.co.uk/shop/gb/groceries/dairy-eggs-chilled/cheddar-british-regional-cheese,british cheddar ,0.0,APPLEWOOD SLICES 160G,£1.50/unit,1.5,£9.37 / 1 kg,9.37,1,kg,9.37,kg,Only £1.50: Save 30p,Only £1.50: Save 30p
2015-11-12 05:00:23.661603,SAINSBURY,211501,"Cheese Cheddar, home produced, per kg",http://www.sainsburys.co.uk/shop/gb/groceries/dairy-eggs-chilled/cheddar-british-regional-cheese,british cheddar ,0.5,CATHEDRAL CITY CARAMELISED ONION CHEDDAR 180G,£2.00/unit,2.0,£11.11 / 1 kg,11.11,1,kg,11.11,kg,,
2015-11-12 05:00:23.665356,SAINSBURY,310218,"Apple Cider, bottle, 4.5%-5.5% ABV",http://www.sainsburys.co.uk/shop/gb/groceries/drinks/cider,apple cider,0.5,HENNEY'S VINTAGE CIDER 500ML,£2.00/unit,2.0,£4.00 / 1 ltr,4.0,1,ltr,4.0,l,Buy any 3 for £5.00,Buy any 3 for £5.00
2015-11-12 05:00:23.668632,SAINSBURY,310218,"Apple Cider, bottle, 4.5%-5.5% ABV",http://www.sainsburys.co.uk/shop/gb/groceries/drinks/cider,apple cider,0.5,KOPPARBERG ALCOHOL FREE MIXED FRUIT CIDER 500ML,£1.10/unit,1.1,£2.20 / 1 ltr,2.2,1,ltr,2.2,l,,
2015-11-12 05:00:23.671604,SAINSBURY,310218,"Apple Cider, bottle, 4.5%-5.5% ABV",http://www.sainsburys.co.uk/shop/gb/groceries/drinks/cider,apple cider,0.5,KOPPARBERG ALCOHOL FREE PEAR CIDER 500ML,£1.10/unit,1.1,£2.20 / 1 ltr,2.2,1,ltr,2.2,l,,
2015-11-12 05:00:23.674491,SAINSBURY,310218,"Apple Cider, bottle, 4.5%-5.5% ABV",http://www.sainsburys.co.uk/shop/gb/groceries/drinks/cider,apple cider,0.0,KOPPARBERG ELDERFLOWER & LIME 500ML,£2.00/unit,2.0,£4.00 / 1 ltr,4.0,1,ltr,4.0,l,,
2015-11-12 05:00:23.679464,SAINSBURY,211501,"Cheese Cheddar, home produced, per kg",http://www.sainsburys.co.uk/shop/gb/groceries/dairy-eggs-chilled/cheddar-british-regional-cheese,british cheddar ,0.5,CATHEDRAL CITY EXTRA MATURE CHEDDAR 350G,£3.50/unit,3.5,£10.00 / 1 kg,10.0,1,kg,10.0,kg,,
2015-11-12 05:00:23.684279,SAINSBURY,211501,"Cheese Cheddar, home produced, per kg",http://www.sainsburys.co.uk/shop/gb/groceries/dairy-eggs-chilled/cheddar-british-regional-cheese,british cheddar ,0.5,CATHEDRAL CITY EXTRA MATURE CHEDDAR 550G,£4.00/unit,4.0,£7.27 / 1 kg,7.27,1,kg,7.27,kg,Only £4.00: Save £1.20,Only £4.00: Save £1.20
2015-11-12 05:00:23.689043,SAINSBURY,211501,"Cheese Cheddar, home produced, per kg",http://www.sainsburys.co.uk/shop/gb/groceries/dairy-eggs-chilled/cheddar-british-regional-cheese,british cheddar ,0.5,CATHEDRAL CITY LIGHTER CHEDDAR 350G,£3.50/unit,3.5,£10.00 / 1 kg,10.0,1,kg,10.0,kg,,
2015-11-12 05:00:23.692007,SAINSBURY,310218,"Apple Cider, bottle, 4.5%-5.5% ABV",http://www.sainsburys.co.uk/shop/gb/groceries/drinks/cider,apple cider,0.0,KOPPARBERG MIXED FRUIT 4X330ML,£5.50/unit,5.5,£4.17 / 1 ltr,4.17,1,ltr,4.17,l,,
2015-11-12 05:00:23.694735,SAINSBURY,310218,"Apple Cider, bottle, 4.5%-5.5% ABV",http://www.sainsburys.co.uk/shop/gb/groceries/drinks/cider,apple cider,0.5,KOPPARBERG MIXED FRUIT CIDER 10X330ML,£11.00/unit,11.0,£3.33 / 1 ltr,3.33,1,ltr,3.33,l,,
2015-11-12 05:00:23.697357,SAINSBURY,310218,"Apple Cider, bottle, 4.5%-5.5% ABV",http://www.sainsburys.co.uk/shop/gb/groceries/drinks/cider,apple cider,0.5,KOPPARBERG MIXED FRUIT CIDER 500ML,£2.00/unit,2.0,£4.00 / 1 ltr,4.0,1,ltr,4.0,l,,
2015-11-12 05:00:23.699914,SAINSBURY,310218,"Apple Cider, bottle, 4.5%-5.5% ABV",http://www.sainsburys.co.uk/shop/gb/groceries/drinks/cider,apple cider,0.5,KOPPARBERG PEAR CIDER 4X440ML,£4.50/unit,4.5,£2.56 / 1 ltr,2.56,1,ltr,2.56,l,,
2015-11-12 05:00:23.704514,SAINSBURY,211501,"Cheese Cheddar, home produced, per kg",http://www.sainsburys.co.uk/shop/gb/groceries/dairy-eggs-chilled/cheddar-british-regional-cheese,british cheddar ,0.5,CATHEDRAL CITY LIGHTER CHEDDAR 550G,£4.00/unit,4.0,£7.27 / 1 kg,7.27,1,kg,7.27,kg,Only £4.00: Save £1.20,Only £4.00: Save £1.20
2015-11-12 05:00:23.709727,SAINSBURY,211501,"Cheese Cheddar, home produced, per kg",http://www.sainsburys.co.uk/shop/gb/groceries/dairy-eggs-chilled/cheddar-british-regional-cheese,british cheddar ,0.5,CATHEDRAL CITY LIGHTER MATURE CHEDDAR SLICES 150G,£2.00/unit,2.0,£13.33 / 1 kg,13.33,1,kg,13.33,kg,,
2015-11-12 05:00:23.714099,SAINSBURY,211501,"Cheese Cheddar, home produced, per kg",http://www.sainsburys.co.uk/shop/gb/groceries/dairy-eggs-chilled/cheddar-british-regional-cheese,british cheddar ,0.5,CATHEDRAL CITY MATURE CHEDDAR 200G,£2.75/unit,2.75,£13.75 / 1 kg,13.75,1,kg,13.75,kg,,
2015-11-12 05:00:23.716669,SAINSBURY,310218,"Apple Cider, bottle, 4.5%-5.5% ABV",http://www.sainsburys.co.uk/shop/gb/groceries/drinks/cider,apple cider,0.5,KOPPARBERG PEAR PREMIUM CIDER 500ML,£2.00/unit,2.0,£4.00 / 1 ltr,4.0,1,ltr,4.0,l,,
2015-11-12 05:00:23.718962,SAINSBURY,310218,"Apple Cider, bottle, 4.5%-5.5% ABV",http://www.sainsburys.co.uk/shop/gb/groceries/drinks/cider,apple cider,0.0,KOPPARBERG STRAWBERRY & LIME 4X330ML,£5.50/unit,5.5,£4.17 / 1 ltr,4.17,1,ltr,4.17,l,,
2015-11-12 05:00:23.721164,SAINSBURY,310218,"Apple Cider, bottle, 4.5%-5.5% ABV",http://www.sainsburys.co.uk/shop/gb/groceries/drinks/cider,apple cider,0.5,KOPPARBERG STRAWBERRY & LIME CIDER 10X330ML,£11.00/unit,11.0,£3.33 / 1 ltr,3.33,1,ltr,3.33,l,,
2015-11-12 05:00:23.728483,SAINSBURY,211501,"Cheese Cheddar, home produced, per kg",http://www.sainsburys.co.uk/shop/gb/groceries/dairy-eggs-chilled/cheddar-british-regional-cheese,british cheddar ,0.5,CATHEDRAL CITY MATURE CHEDDAR 350G,£3.50/unit,3.5,£10.00 / 1 kg,10.0,1,kg,10.0,kg,,
2015-11-12 05:00:23.732529,SAINSBURY,211501,"Cheese Cheddar, home produced, per kg",http://www.sainsburys.co.uk/shop/gb/groceries/dairy-eggs-chilled/cheddar-british-regional-cheese,british cheddar ,0.5,CATHEDRAL CITY MATURE CHEDDAR 550G,£4.00/unit,4.0,£7.27 / 1 kg,7.27,1,kg,7.27,kg,Only £4.00: Save £1.20,Only £4.00: Save £1.20
2015-11-12 05:00:23.736627,SAINSBURY,211501,"Cheese Cheddar, home produced, per kg",http://www.sainsburys.co.uk/shop/gb/groceries/dairy-eggs-chilled/cheddar-british-regional-cheese,british cheddar ,0.5,CATHEDRAL CITY MATURE CHEDDAR MINIS 120G,£1.65/unit,1.65,£13.75 / 1 kg,13.75,1,kg,13.75,kg,,
2015-11-12 05:00:23.742984,SAINSBURY,211501,"Cheese Cheddar, home produced, per kg",http://www.sainsburys.co.uk/shop/gb/groceries/dairy-eggs-chilled/cheddar-british-regional-cheese,british cheddar ,0.5,CATHEDRAL CITY MATURE CHEDDAR SLICES 150G,£2.00/unit,2.0,£13.33 / 1 kg,13.33,1,kg,13.33,kg,,
2015-11-12 05:00:23.746764,SAINSBURY,211501,"Cheese Cheddar, home produced, per kg",http://www.sainsburys.co.uk/shop/gb/groceries/dairy-eggs-chilled/cheddar-british-regional-cheese,british cheddar ,0.5,CATHEDRAL CITY MATURE GRATED CHEDDAR 180G,£2.00/unit,2.0,£11.11 / 1 kg,11.11,1,kg,11.11,kg,,
2015-11-12 05:00:23.750410,SAINSBURY,211501,"Cheese Cheddar, home produced, per kg",http://www.sainsburys.co.uk/shop/gb/groceries/dairy-eggs-chilled/cheddar-british-regional-cheese,british cheddar ,0.5,CATHEDRAL CITY MILD CHEDDAR 350G,£3.50/unit,3.5,£10.00 / 1 kg,10.0,1,kg,10.0,kg,,
2015-11-12 05:00:23.754102,SAINSBURY,211501,"Cheese Cheddar, home produced, per kg",http://www.sainsburys.co.uk/shop/gb/groceries/dairy-eggs-chilled/cheddar-british-regional-cheese,british cheddar ,0.5,CATHEDRAL CITY MILD CHEDDAR 550G,£4.00/unit,4.0,£7.27 / 1 kg,7.27,1,kg,7.27,kg,Only £4.00: Save £1.20,Only £4.00: Save £1.20
2015-11-12 05:00:23.757642,SAINSBURY,211501,"Cheese Cheddar, home produced, per kg",http://www.sainsburys.co.uk/shop/gb/groceries/dairy-eggs-chilled/cheddar-british-regional-cheese,british cheddar ,0.5,CATHEDRAL CITY SELECTIONS VARIETY CHEDDAR 168G,£3.00/unit,3.0,£17.86 / 1 kg,17.86,1,kg,17.86,kg,,
2015-11-12 05:00:23.760984,SAINSBURY,211501,"Cheese Cheddar, home produced, per kg",http://www.sainsburys.co.uk/shop/gb/groceries/dairy-eggs-chilled/cheddar-british-regional-cheese,british cheddar ,0.5,CATHEDRAL CITY SMOKED FLAVOURED CHEDDAR 180G,£2.00/unit,2.0,£11.11 / 1 g,11.11,1,g,11110.0,kg,,
2015-11-12 05:00:23.764341,SAINSBURY,211501,"Cheese Cheddar, home produced, per kg",http://www.sainsburys.co.uk/shop/gb/groceries/dairy-eggs-chilled/cheddar-british-regional-cheese,british cheddar ,0.5,CATHEDRAL CITY VINTAGE CHEDDAR 300G,£3.50/unit,3.5,£11.67 / 1 g,11.67,1,g,11670.0,kg,,
2015-11-12 05:00:23.767472,SAINSBURY,211501,"Cheese Cheddar, home produced, per kg",http://www.sainsburys.co.uk/shop/gb/groceries/dairy-eggs-chilled/cheddar-british-regional-cheese,british cheddar ,0.0,CHEVINGTON GRATED LIGHT CHEESE 400G,£4.00/unit,4.0,£1.00 / 100g,1.0,100,g,10.0,kg,,
2015-11-12 05:00:23.770554,SAINSBURY,211501,"Cheese Cheddar, home produced, per kg",http://www.sainsburys.co.uk/shop/gb/groceries/dairy-eggs-chilled/cheddar-british-regional-cheese,british cheddar ,0.0,CHEVINGTON GRATED MILD CHEESE 400G,£4.00/unit,4.0,£1.00 / 100g,1.0,100,g,10.0,kg,,
2015-11-12 05:00:23.773534,SAINSBURY,211501,"Cheese Cheddar, home produced, per kg",http://www.sainsburys.co.uk/shop/gb/groceries/dairy-eggs-chilled/cheddar-british-regional-cheese,british cheddar ,0.0,CHEVINGTON SLICED LIGHT CHEESE 200G,£2.15/unit,2.15,£1.08 / 100kg,1.08,100,kg,0.0108,kg,,
2015-11-12 05:00:23.776512,SAINSBURY,211501,"Cheese Cheddar, home produced, per kg",http://www.sainsburys.co.uk/shop/gb/groceries/dairy-eggs-chilled/cheddar-british-regional-cheese,british cheddar ,0.5,CHEVINGTON SLICED MILD CHEDDAR 200G,£2.15/unit,2.15,£1.08 / 100kg,1.08,100,kg,0.0108,kg,,
2015-11-12 05:00:23.779254,SAINSBURY,211501,"Cheese Cheddar, home produced, per kg",http://www.sainsburys.co.uk/shop/gb/groceries/dairy-eggs-chilled/cheddar-british-regional-cheese,british cheddar ,0.5,COLLIERS POWERFUL WELSH CHEDDAR 350G,£3.50/unit,3.5,£10.00 / 1 kg,10.0,1,kg,10.0,kg,,
2015-11-12 05:00:23.781918,SAINSBURY,211501,"Cheese Cheddar, home produced, per kg",http://www.sainsburys.co.uk/shop/gb/groceries/dairy-eggs-chilled/cheddar-british-regional-cheese,british cheddar ,0.5,CRACKER BARREL CHEDDAR 200G,£2.75/unit,2.75,£13.75 / 1 kg,13.75,1,kg,13.75,kg,,
2015-11-12 05:00:23.784497,SAINSBURY,211501,"Cheese Cheddar, home produced, per kg",http://www.sainsburys.co.uk/shop/gb/groceries/dairy-eggs-chilled/cheddar-british-regional-cheese,british cheddar ,0.5,"DAVIDSTOW CORNISH CLASSIC, MATURE CHEDDAR 200G",£3.00/unit,3.0,£15.00 / 1 kg,15.0,1,kg,15.0,kg,,
2015-11-12 05:00:23.787708,SAINSBURY,211501,"Cheese Cheddar, home produced, per kg",http://www.sainsburys.co.uk/shop/gb/groceries/dairy-eggs-chilled/cheddar-british-regional-cheese,british cheddar ,0.5,"DAVIDSTOW CORNISH CLASSIC, MATURE CHEDDAR 350G",£3.00/unit,3.0,£8.57 / 1 kg,8.57,1,kg,8.57,kg,Only £3.00: Save £1.00,Only £3.00: Save £1.00
2015-11-12 05:00:23.790199,SAINSBURY,211501,"Cheese Cheddar, home produced, per kg",http://www.sainsburys.co.uk/shop/gb/groceries/dairy-eggs-chilled/cheddar-british-regional-cheese,british cheddar ,0.5,DAVIDSTOW CORNISH CRACKLER EXTRA MATURE CHEDDAR 200G,£3.00/unit,3.0,£15.00 / 1 kg,15.0,1,kg,15.0,kg,,
2015-11-12 05:00:23.792433,SAINSBURY,211501,"Cheese Cheddar, home produced, per kg",http://www.sainsburys.co.uk/shop/gb/groceries/dairy-eggs-chilled/cheddar-british-regional-cheese,british cheddar ,0.5,DAVIDSTOW CRACKLER EXTRA MATURE CHEDDAR 320G,£3.00/unit,3.0,£9.38 / 1 kg,9.38,1,kg,9.38,kg,Only £3.00: Save £1.00,Only £3.00: Save £1.00
2015-11-12 05:00:24.167460,SAINSBURY,210302,Plain Biscuits (eg. Digestive),http://www.sainsburys.co.uk/shop/gb/groceries/food-cupboard/biscuit-barrel,digestives,0.0,ANZAC BISCUITS 175G,£0.85/unit,0.85,£0.49 / 100g,0.49,100,g,4.9,kg,,
2015-11-12 05:00:24.172469,SAINSBURY,210302,Plain Biscuits (eg. Digestive),http://www.sainsburys.co.uk/shop/gb/groceries/food-cupboard/biscuit-barrel,digestives,0.0,FOX'S CHOCOLATEY VIENNESE SANDWICH 120G,£1.50/unit,1.5,£1.25 / 100g,1.25,100,g,12.5,kg,,
2015-11-12 05:00:24.177374,SAINSBURY,210302,Plain Biscuits (eg. Digestive),http://www.sainsburys.co.uk/shop/gb/groceries/food-cupboard/biscuit-barrel,digestives,0.0,FOX'S CRINKLES BUTTER BISCUITS 200G,£0.50/unit,0.5,£0.25 / 100g,0.25,100,g,2.5,kg,Only 50p: Save 25p,Only 50p: Save 25p
2015-11-12 05:00:24.182132,SAINSBURY,210302,Plain Biscuits (eg. Digestive),http://www.sainsburys.co.uk/shop/gb/groceries/food-cupboard/biscuit-barrel,digestives,0.0,FOX'S GOLDEN CRUNCH CREAM TWIN 336G,£1.40/unit,1.4,£0.42 / 100g,0.42,100,g,4.2,kg,,
2015-11-12 05:00:24.186762,SAINSBURY,210302,Plain Biscuits (eg. Digestive),http://www.sainsburys.co.uk/shop/gb/groceries/food-cupboard/biscuit-barrel,digestives,0.0,FOX'S GOLDEN CRUNCH CREAMS 168G,£0.50/unit,0.5,£0.30 / 100g,0.3,100,g,3.0,kg,Only 50p: Save 25p,Only 50p: Save 25p
2015-11-12 05:00:24.191587,SAINSBURY,210302,Plain Biscuits (eg. Digestive),http://www.sainsburys.co.uk/shop/gb/groceries/food-cupboard/biscuit-barrel,digestives,0.0,FOX'S JAM RING CREAMS 150G,£0.50/unit,0.5,£0.33 / 100g,0.33,100,g,3.3,kg,Only 50p: Save 25p,Only 50p: Save 25p
2015-11-12 05:00:24.196116,SAINSBURY,210302,Plain Biscuits (eg. Digestive),http://www.sainsburys.co.uk/shop/gb/groceries/food-cupboard/biscuit-barrel,digestives,0.0,FOX'S JAM RINGS TWIN PACK 300G,£1.40/unit,1.4,£0.47 / 100g,0.47,100,g,4.7,kg,,
2015-11-12 05:00:24.200362,SAINSBURY,210302,Plain Biscuits (eg. Digestive),http://www.sainsburys.co.uk/shop/gb/groceries/food-cupboard/biscuit-barrel,digestives,0.0,FOX'S NEW YORK BAKEHOUSE RED VELVET CRUNCH CREAMS 168G,£0.50/unit,0.5,£0.30 / 100g,0.3,100,g,3.0,kg,Only 50p: Save 25p,Only 50p: Save 25p
2015-11-12 05:00:24.210198,SAINSBURY,210302,Plain Biscuits (eg. Digestive),http://www.sainsburys.co.uk/shop/gb/groceries/food-cupboard/biscuit-barrel,digestives,0.0,FOX'S PARTY RING BISCUITS 125G,£0.50/unit,0.5,£0.40 / 100g,0.4,100,g,4.0,kg,Only 50p: Save 25p,Only 50p: Save 25p
2015-11-12 05:00:24.214332,SAINSBURY,210302,Plain Biscuits (eg. Digestive),http://www.sainsburys.co.uk/shop/gb/groceries/food-cupboard/biscuit-barrel,digestives,0.0,FOX'S PARTY RINGS FOOTBALLS 130G,£0.50/unit,0.5,£0.39 / 100g,0.39,100,g,3.9,kg,Only 50p: Save 25p,Only 50p: Save 25p
2015-11-12 05:00:24.218365,SAINSBURY,210302,Plain Biscuits (eg. Digestive),http://www.sainsburys.co.uk/shop/gb/groceries/food-cupboard/biscuit-barrel,digestives,0.0,FOX'S VIENNESE RASPBERRY & CREAM WHIRLS 120G,£1.50/unit,1.5,£1.25 / 100g,1.25,100,g,12.5,kg,,
2015-11-12 05:00:24.229013,SAINSBURY,210302,Plain Biscuits (eg. Digestive),http://www.sainsburys.co.uk/shop/gb/groceries/food-cupboard/biscuit-barrel,digestives,0.0,JAMMIE DODGERS 140G,£0.90/unit,0.9,£0.64 / 100g,0.64,100,g,6.4,kg,,
2015-11-12 05:00:24.232763,SAINSBURY,210302,Plain Biscuits (eg. Digestive),http://www.sainsburys.co.uk/shop/gb/groceries/food-cupboard/biscuit-barrel,digestives,0.0,JAMMIE DODGERS BAKES APRICOT 160G,£1.50/unit,1.5,£0.94 / 100g,0.94,100,g,9.4,kg,,
2015-11-12 05:00:24.236410,SAINSBURY,210302,Plain Biscuits (eg. Digestive),http://www.sainsburys.co.uk/shop/gb/groceries/food-cupboard/biscuit-barrel,digestives,0.0,JAMMIE DODGERS BAKES RASPBERRY 160G,£1.50/unit,1.5,£0.94 / 100g,0.94,100,g,9.4,kg,,
2015-11-12 05:00:24.264248,SAINSBURY,210302,Plain Biscuits (eg. Digestive),http://www.sainsburys.co.uk/shop/gb/groceries/food-cupboard/biscuit-barrel,digestives,0.0,JAMMIE DODGERS BISCUITS 210G,£1.30/unit,1.3,£0.62 / 100g,0.62,100,g,6.2,kg,,
2015-11-12 05:00:24.267788,SAINSBURY,210302,Plain Biscuits (eg. Digestive),http://www.sainsburys.co.uk/shop/gb/groceries/food-cupboard/biscuit-barrel,digestives,0.0,MCVITIE'S DIGESTIVE 500G X2,£2.00/unit,2.0,£0.20 / 100g,0.2,100,g,2.0,kg,,
2015-11-12 05:00:24.271172,SAINSBURY,210302,Plain Biscuits (eg. Digestive),http://www.sainsburys.co.uk/shop/gb/groceries/food-cupboard/biscuit-barrel,digestives,0.0,MCVITIE'S DIGESTIVE BISCUITS 250G,£0.80/unit,0.8,£0.32 / 100g,0.32,100,g,3.2,kg,,
2015-11-12 05:00:24.277423,SAINSBURY,211709,"Shop Milk, whole milk",http://www.sainsburys.co.uk/shop/gb/groceries/dairy-eggs-chilled/fresh-milk,whole,0.0,A2 SEMI SKIMMED MILK 1L,£1.35/unit,1.35,£1.35 / 1 ltr,1.35,1,ltr,1.35,l,,
2015-11-12 05:00:24.282601,SAINSBURY,211709,"Shop Milk, whole milk",http://www.sainsburys.co.uk/shop/gb/groceries/dairy-eggs-chilled/fresh-milk,whole,0.0,ARLA BIG MILK DRINK 2L 12 MONTH+,£2.25/unit,2.25,£1.13 / 1 ltr,1.13,1,ltr,1.13,l,Buy any 2 for £3.00,Buy any 2 for £3.00
2015-11-12 05:00:24.302329,SAINSBURY,310405,"Brandy, bottle",http://www.sainsburys.co.uk/shop/gb/groceries/drinks/brandy-cognac,brandy,1.0,CARLOS III SOLERA RESERVA BRANDY 1L,£22.00/unit,22.0,£22.00 / 1 ltr,22.0,1,ltr,22.0,l,,
2015-11-12 05:00:24.313572,SAINSBURY,210302,Plain Biscuits (eg. Digestive),http://www.sainsburys.co.uk/shop/gb/groceries/food-cupboard/biscuit-barrel,digestives,0.0,MCVITIE'S DIGESTIVE BISCUITS 500G,£1.15/unit,1.15,£0.23 / 100g,0.23,100,g,2.3,kg,Buy any 2 for £2.00,Buy any 2 for £2.00
2015-11-12 05:00:24.316894,SAINSBURY,210302,Plain Biscuits (eg. Digestive),http://www.sainsburys.co.uk/shop/gb/groceries/food-cupboard/biscuit-barrel,digestives,0.0,MCVITIE'S FIG ROLL 200G,£1.30/unit,1.3,£0.65 / 100g,0.65,100,g,6.5,kg,Buy any 2 for £2.00,Buy any 2 for £2.00
2015-11-12 05:00:24.320038,SAINSBURY,210302,Plain Biscuits (eg. Digestive),http://www.sainsburys.co.uk/shop/gb/groceries/food-cupboard/biscuit-barrel,digestives,0.0,MCVITIE'S FRUIT SHORTCAKE 200G,£1.15/unit,1.15,£0.58 / 100g,0.58,100,g,5.8,kg,Buy any 2 for £2.00,Buy any 2 for £2.00
2015-11-12 05:00:24.323121,SAINSBURY,210302,Plain Biscuits (eg. Digestive),http://www.sainsburys.co.uk/shop/gb/groceries/food-cupboard/biscuit-barrel,digestives,0.0,MCVITIE'S GINGER NUT 250G,£1.15/unit,1.15,£0.46 / 100g,0.46,100,g,4.6,kg,Buy any 2 for £2.00,Buy any 2 for £2.00
2015-11-12 05:00:24.328621,SAINSBURY,211709,"Shop Milk, whole milk",http://www.sainsburys.co.uk/shop/gb/groceries/dairy-eggs-chilled/fresh-milk,whole,0.0,CRAVENDALE PUREFILTER SEMI SKIMMED MILK 1L,£1.00/unit,1.0,£1.00 / 1 g,1.0,1,g,1000.0,kg,Only £1.00: Save 15p,Only £1.00: Save 15p
2015-11-12 05:00:24.333702,SAINSBURY,211709,"Shop Milk, whole milk",http://www.sainsburys.co.uk/shop/gb/groceries/dairy-eggs-chilled/fresh-milk,whole,0.0,CRAVENDALE PUREFILTER SEMI SKIMMED MILK 2L,£2.00/unit,2.0,£1.00 / 1 ltr,1.0,1,ltr,1.0,l,Buy any 2 for £3.00,Buy any 2 for £3.00
2015-11-12 05:00:24.338888,SAINSBURY,310405,"Brandy, bottle",http://www.sainsburys.co.uk/shop/gb/groceries/drinks/brandy-cognac,brandy,0.0,COURVOISIER COGNAC VS 35CL,£14.00/unit,14.0,£40.00 / 1 ltr,40.0,1,ltr,40.0,l,,
2015-11-12 05:00:24.343844,SAINSBURY,310405,"Brandy, bottle",http://www.sainsburys.co.uk/shop/gb/groceries/drinks/brandy-cognac,brandy,0.0,COURVOISIER COGNAC VS 70CL,£20.00/unit,20.0,£28.57 / 1 ltr,28.57,1,ltr,28.57,l,Only £20.00: Save £5.00,Only £20.00: Save £5.00
2015-11-12 05:00:24.369512,SAINSBURY,210302,Plain Biscuits (eg. Digestive),http://www.sainsburys.co.uk/shop/gb/groceries/food-cupboard/biscuit-barrel,digestives,0.0,MCVITIE'S HOBNOBS 300G,£1.15/unit,1.15,£0.38 / 100g,0.38,100,g,3.8,kg,Buy any 2 for £2.00,Buy any 2 for £2.00
2015-11-12 05:00:24.372503,SAINSBURY,210302,Plain Biscuits (eg. Digestive),http://www.sainsburys.co.uk/shop/gb/groceries/food-cupboard/biscuit-barrel,digestives,0.0,MCVITIE'S LIGHT DIGESTIVE BISCUITS 400G,£1.15/unit,1.15,£0.29 / 100g,0.29,100,g,2.9,kg,,
2015-11-12 05:00:24.375162,SAINSBURY,210302,Plain Biscuits (eg. Digestive),http://www.sainsburys.co.uk/shop/gb/groceries/food-cupboard/biscuit-barrel,digestives,0.0,MCVITIE'S LIGHT RICH TEA 300G,£1.15/unit,1.15,£0.38 / 100g,0.38,100,g,3.8,kg,,
2015-11-12 05:00:24.377736,SAINSBURY,210302,Plain Biscuits (eg. Digestive),http://www.sainsburys.co.uk/shop/gb/groceries/food-cupboard/biscuit-barrel,digestives,0.0,MCVITIE'S RICH TEA BISCUITS 300G,£1.15/unit,1.15,£0.38 / 100g,0.38,100,g,3.8,kg,Buy any 2 for £2.00,Buy any 2 for £2.00
2015-11-12 05:00:24.382689,SAINSBURY,211709,"Shop Milk, whole milk",http://www.sainsburys.co.uk/shop/gb/groceries/dairy-eggs-chilled/fresh-milk,whole,0.0,CRAVENDALE PUREFILTER SKIMMED MILK 1L,£1.00/unit,1.0,£1.00 / 1 ltr,1.0,1,ltr,1.0,l,Only £1.00: Save 15p,Only £1.00: Save 15p
2015-11-12 05:00:24.387398,SAINSBURY,211709,"Shop Milk, whole milk",http://www.sainsburys.co.uk/shop/gb/groceries/dairy-eggs-chilled/fresh-milk,whole,0.0,CRAVENDALE PUREFILTER SKIMMED MILK 2L,£2.00/unit,2.0,£1.00 / 1 ltr,1.0,1,ltr,1.0,l,Buy any 2 for £3.00,Buy any 2 for £3.00
2015-11-12 05:00:24.392005,SAINSBURY,211709,"Shop Milk, whole milk",http://www.sainsburys.co.uk/shop/gb/groceries/dairy-eggs-chilled/fresh-milk,whole,1.0,CRAVENDALE PUREFILTER WHOLE MILK 1L,£1.00/unit,1.0,£1.00 / 1 ltr,1.0,1,ltr,1.0,l,Only £1.00: Save 15p,Only £1.00: Save 15p
2015-11-12 05:00:24.397093,SAINSBURY,310405,"Brandy, bottle",http://www.sainsburys.co.uk/shop/gb/groceries/drinks/brandy-cognac,brandy,0.0,COURVOISIER VS COGNAC 1L,£34.00/unit,34.0,£34.00 / 1 ltr,34.0,1,ltr,34.0,l,,
2015-11-12 05:00:24.402143,SAINSBURY,310405,"Brandy, bottle",http://www.sainsburys.co.uk/shop/gb/groceries/drinks/brandy-cognac,brandy,0.0,COURVOISIER VSOP COGNAC 70CL,£25.00/unit,25.0,£35.71 / 1 ltr,35.71,1,ltr,35.71,l,Only £25.00: Save £9.00,Only £25.00: Save £9.00
2015-11-12 05:00:24.408391,SAINSBURY,310421,"Red Wine, European, bottle",http://www.sainsburys.co.uk/shop/gb/groceries/drinks/red-wine,red wine ,0.0,35 SOUTH LATITUDE CABERNET MERLOT 75CL,£5.00/unit,5.0,£5.00 / 75cl,5.0,75,cl,6.6667,l,Only £5.00: Save £1.50,Only £5.00: Save £1.50
2015-11-12 05:00:24.413634,SAINSBURY,310421,"Red Wine, European, bottle",http://www.sainsburys.co.uk/shop/gb/groceries/drinks/red-wine,red wine ,0.0,ALTA VISTA TERROIR SELECTION MALBEC 75CL,£15.00/unit,15.0,£15.00 / 75cl,15.0,75,cl,20.0,l,Only £15.00: Save £2.00,Only £15.00: Save £2.00
2015-11-12 05:00:24.435945,SAINSBURY,210302,Plain Biscuits (eg. Digestive),http://www.sainsburys.co.uk/shop/gb/groceries/food-cupboard/biscuit-barrel,digestives,0.0,MCVITIE'S RICH TEA X2 300G,£2.00/unit,2.0,£0.33 / 100g,0.33,100,g,3.3,kg,,
2015-11-12 05:00:24.438298,SAINSBURY,210302,Plain Biscuits (eg. Digestive),http://www.sainsburys.co.uk/shop/gb/groceries/food-cupboard/biscuit-barrel,digestives,0.0,MCVITIE'S THIN ARROWROOT 200G,£1.50/unit,1.5,£0.75 / 100g,0.75,100,g,7.5,kg,,
2015-11-12 05:00:24.440513,SAINSBURY,210302,Plain Biscuits (eg. Digestive),http://www.sainsburys.co.uk/shop/gb/groceries/food-cupboard/biscuit-barrel,digestives,0.0,"NAIRN'S WHEAT FREE, GINGER BISCUITS 200G",£1.15/unit,1.15,£0.58 / 100g,0.58,100,g,5.8,kg,,
2015-11-12 05:00:24.447945,SAINSBURY,211709,"Shop Milk, whole milk",http://www.sainsburys.co.uk/shop/gb/groceries/dairy-eggs-chilled/fresh-milk,whole,1.0,CRAVENDALE PUREFILTER WHOLE MILK 2L,£2.00/unit,2.0,£1.00 / 1 ltr,1.0,1,ltr,1.0,l,Buy any 2 for £3.00,Buy any 2 for £3.00
2015-11-12 05:00:24.452367,SAINSBURY,211709,"Shop Milk, whole milk",http://www.sainsburys.co.uk/shop/gb/groceries/dairy-eggs-chilled/fresh-milk,whole,0.0,FLORA PRO-ACTIV MILK 1L,£1.35/unit,1.35,£1.35 / 1 ltr,1.35,1,ltr,1.35,l,,
2015-11-12 05:00:24.456536,SAINSBURY,211709,"Shop Milk, whole milk",http://www.sainsburys.co.uk/shop/gb/groceries/dairy-eggs-chilled/fresh-milk,whole,0.0,GRAHAM'S GOLD JERSEY FULL CREAM MILK 1L,£1.15/unit,1.15,£1.15 / 1 ltr,1.15,1,ltr,1.15,l,,
2015-11-12 05:00:24.461282,SAINSBURY,310405,"Brandy, bottle",http://www.sainsburys.co.uk/shop/gb/groceries/drinks/brandy-cognac,brandy,1.0,E&J BRANDY 70CL,£17.00/unit,17.0,£24.29 / 1 ea,24.29,1,ea,24.29,each,,
2015-11-12 05:00:24.465871,SAINSBURY,310405,"Brandy, bottle",http://www.sainsburys.co.uk/shop/gb/groceries/drinks/brandy-cognac,brandy,0.0,HENNESSY FINE DE COGNAC 70CL,£38.00/unit,38.0,£54.29 / 1 ltr,54.29,1,ltr,54.29,l,,
2015-11-12 05:00:24.470315,SAINSBURY,310405,"Brandy, bottle",http://www.sainsburys.co.uk/shop/gb/groceries/drinks/brandy-cognac,brandy,0.0,MARTELL COGNAC DISCOVERY COLLECTION,£10.00/unit,10.0,£10.00 / 1 ltr,10.0,1,ltr,10.0,l,,
2015-11-12 05:00:24.475339,SAINSBURY,310421,"Red Wine, European, bottle",http://www.sainsburys.co.uk/shop/gb/groceries/drinks/red-wine,red wine ,0.0,AMARONE CLASSICO TORRE MASTIO 75CL,£23.00/unit,23.0,£23.00 / 75cl,23.0,75,cl,30.6667,l,,
2015-11-12 05:00:24.480203,SAINSBURY,310421,"Red Wine, European, bottle",http://www.sainsburys.co.uk/shop/gb/groceries/drinks/red-wine,red wine ,0.0,AMARONE PIETRO SARTORI 75CL,£17.00/unit,17.0,£17.00 / 75cl,17.0,75,cl,22.6667,l,,
2015-11-12 05:00:24.484886,SAINSBURY,310421,"Red Wine, European, bottle",http://www.sainsburys.co.uk/shop/gb/groceries/drinks/red-wine,red wine ,0.0,ANTONIN RODET GEVREY CHAMBERTIN 75CL,£27.00/unit,27.0,£27.00 / 75cl,27.0,75,cl,36.0,l,,
2015-11-12 05:00:24.490785,SAINSBURY,212016,"Fresh/Chilled Orange Juice, eg. Tropicana",http://www.sainsburys.co.uk/shop/gb/groceries/drinks/drinks-chilled-fruit-juice,fresh orange juice ,0.33,BEET IT BEETROOT JUICE DRINK 750ML,£2.70/unit,2.7,£0.36 / 100ml,0.36,100,ml,3.6,l,,
2015-11-12 05:00:24.496030,SAINSBURY,212016,"Fresh/Chilled Orange Juice, eg. Tropicana",http://www.sainsburys.co.uk/shop/gb/groceries/drinks/drinks-chilled-fruit-juice,fresh orange juice ,0.33,CHERRYGOOD JUICE 1L,£2.60/unit,2.6,£0.26 / 100ml,0.26,100,ml,2.6,l,,
2015-11-12 05:00:24.517805,SAINSBURY,211709,"Shop Milk, whole milk",http://www.sainsburys.co.uk/shop/gb/groceries/dairy-eggs-chilled/fresh-milk,whole,0.0,LACTOFREE SEMI SKIMMED 1L,£1.35/unit,1.35,£1.35 / 1 ltr,1.35,1,ltr,1.35,l,Buy any 3 for £3.00,Buy any 3 for £3.00
2015-11-12 05:00:24.521898,SAINSBURY,211709,"Shop Milk, whole milk",http://www.sainsburys.co.uk/shop/gb/groceries/dairy-eggs-chilled/fresh-milk,whole,0.0,LACTOFREE SKIMMED 1L,£1.35/unit,1.35,£1.35 / 1 ltr,1.35,1,ltr,1.35,l,Buy any 3 for £3.00,Buy any 3 for £3.00
2015-11-12 05:00:24.525849,SAINSBURY,211709,"Shop Milk, whole milk",http://www.sainsburys.co.uk/shop/gb/groceries/dairy-eggs-chilled/fresh-milk,whole,1.0,LACTOFREE WHOLE 1L,£1.35/unit,1.35,£1.35 / 1 ltr,1.35,1,ltr,1.35,l,Buy any 3 for £3.00,Buy any 3 for £3.00
2015-11-12 05:00:24.530444,SAINSBURY,310405,"Brandy, bottle",http://www.sainsburys.co.uk/shop/gb/groceries/drinks/brandy-cognac,brandy,0.0,MARTELL VS COGNAC 35CL,£11.00/unit,11.0,£31.43 / 1 ltr,31.43,1,ltr,31.43,l,Only £11.00: Save £3.00,Only £11.00: Save £3.00
2015-11-12 05:00:24.534826,SAINSBURY,310405,"Brandy, bottle",http://www.sainsburys.co.uk/shop/gb/groceries/drinks/brandy-cognac,brandy,0.0,MARTELL VS COGNAC 70CL,£20.00/unit,20.0,£28.57 / 1 ltr,28.57,1,ltr,28.57,l,Only £20.00: Save £5.00,Only £20.00: Save £5.00
2015-11-12 05:00:24.538994,SAINSBURY,310405,"Brandy, bottle",http://www.sainsburys.co.uk/shop/gb/groceries/drinks/brandy-cognac,brandy,0.0,MARTELL VSOP 35CL,£15.00/unit,15.0,£42.86 / 1 ltr,42.86,1,ltr,42.86,l,Only £15.00: Save £2.00,Only £15.00: Save £2.00
2015-11-12 05:00:24.543836,SAINSBURY,310421,"Red Wine, European, bottle",http://www.sainsburys.co.uk/shop/gb/groceries/drinks/red-wine,red wine ,0.5,APOTHIC WINEMAKERS' BLEND RED 75CL,£10.00/unit,10.0,£10.00 / 75cl,10.0,75,cl,13.3333,l,,
2015-11-12 05:00:24.548384,SAINSBURY,310421,"Red Wine, European, bottle",http://www.sainsburys.co.uk/shop/gb/groceries/drinks/red-wine,red wine ,0.0,BANROCK STATION SHIRAZ CABERNET 2.25L,£16.00/unit,16.0,£5.33 / 75cl,5.33,75,cl,7.1067,l,,
2015-11-12 05:00:24.552803,SAINSBURY,310421,"Red Wine, European, bottle",http://www.sainsburys.co.uk/shop/gb/groceries/drinks/red-wine,red wine ,0.0,BANROCK STATION SHIRAZ MATARO 75CL,£5.00/unit,5.0,£5.00 / 75cl,5.0,75,cl,6.6667,l,Only £5.00: Save £1.50,Only £5.00: Save £1.50
2015-11-12 05:00:24.558126,SAINSBURY,212016,"Fresh/Chilled Orange Juice, eg. Tropicana",http://www.sainsburys.co.uk/shop/gb/groceries/drinks/drinks-chilled-fruit-juice,fresh orange juice ,0.33,CHERRYGOOD JUICE LIGHT 1 L,£1.40/unit,1.4,£0.14 / 100ml,0.14,100,ml,1.4,l,,
2015-11-12 05:00:24.563121,SAINSBURY,212016,"Fresh/Chilled Orange Juice, eg. Tropicana",http://www.sainsburys.co.uk/shop/gb/groceries/drinks/drinks-chilled-fruit-juice,fresh orange juice ,0.0,COLDPRESS JUICY ROOTS 500ML,£2.80/unit,2.8,£0.56 / 100ml,0.56,100,ml,5.6,l,,
2015-11-12 05:00:24.569894,SAINSBURY,310215,"Lager, 4 bottles, 4.3%-7.5% ABV",http://www.sainsburys.co.uk/shop/gb/groceries/drinks/lager,lager bottles ,0.0,ASAHI SUPER DRY BEER 660ML,£2.00/unit,2.0,£3.03 / 1 ltr,3.03,1,ltr,3.03,l,Buy any 3 for £5.00,Buy any 3 for £5.00
2015-11-12 05:00:24.575013,SAINSBURY,310215,"Lager, 4 bottles, 4.3%-7.5% ABV",http://www.sainsburys.co.uk/shop/gb/groceries/drinks/lager,lager bottles ,0.5,BAVARIA 0.0% ALCOHOL FREE LAGER 4X330ML,£2.50/unit,2.5,£1.89 / 1 ltr,1.89,1,ltr,1.89,l,,
2015-11-12 05:00:24.583818,SAINSBURY,211709,"Shop Milk, whole milk",http://www.sainsburys.co.uk/shop/gb/groceries/dairy-eggs-chilled/fresh-milk,whole,0.0,SAINSBURY'S BRITISH 1% FAT MILK 1.13L (2 PINT),£0.75/unit,0.75,£0.66 / 1 ltr,0.66,1,ltr,0.66,l,,
2015-11-12 05:00:24.587562,SAINSBURY,211709,"Shop Milk, whole milk",http://www.sainsburys.co.uk/shop/gb/groceries/dairy-eggs-chilled/fresh-milk,whole,0.0,SAINSBURY'S BRITISH 1% FAT MILK 2.27L (4PINT),£1.00/unit,1.0,£0.44 / 1 ltr,0.44,1,ltr,0.44,l,,
2015-11-12 05:00:24.591147,SAINSBURY,211709,"Shop Milk, whole milk",http://www.sainsburys.co.uk/shop/gb/groceries/dairy-eggs-chilled/fresh-milk,whole,0.0,SAINSBURY'S BRITISH FILTERED SEMI-SKIMMED MILK 2L,£1.50/unit,1.5,£0.75 / 1 ltr,0.75,1,ltr,0.75,l,,
2015-11-12 05:00:24.595212,SAINSBURY,310405,"Brandy, bottle",http://www.sainsburys.co.uk/shop/gb/groceries/drinks/brandy-cognac,brandy,0.0,OBERTIN CALVADOS PAYS D'AUGE VSOP 50CL,£14.00/unit,14.0,£28.00 / 1 ltr,28.0,1,ltr,28.0,l,,
2015-11-12 05:00:24.599081,SAINSBURY,310405,"Brandy, bottle",http://www.sainsburys.co.uk/shop/gb/groceries/drinks/brandy-cognac,brandy,0.0,PAGANINI GRAPPA 50CL,£14.00/unit,14.0,£28.00 / 1 ltr,28.0,1,ltr,28.0,l,,
2015-11-12 05:00:24.602839,SAINSBURY,310405,"Brandy, bottle",http://www.sainsburys.co.uk/shop/gb/groceries/drinks/brandy-cognac,brandy,0.0,REMY MARTIN V.S.O.P MATURE CASK FINISH COGNAC 70CL,£34.00/unit,34.0,£48.57 / 1 ltr,48.57,1,ltr,48.57,l,,
2015-11-12 05:00:24.607181,SAINSBURY,310421,"Red Wine, European, bottle",http://www.sainsburys.co.uk/shop/gb/groceries/drinks/red-wine,red wine ,0.0,BAREFOOT MERLOT 75CL,£7.00/unit,7.0,£7.00 / 75cl,7.0,75,cl,9.3333,l,,
2015-11-12 05:00:24.611407,SAINSBURY,310421,"Red Wine, European, bottle",http://www.sainsburys.co.uk/shop/gb/groceries/drinks/red-wine,red wine ,0.0,BAREFOOT SHIRAZ 75CL,£7.00/unit,7.0,£7.00 / 75cl,7.0,75,cl,9.3333,l,,
2015-11-12 05:00:24.615564,SAINSBURY,310421,"Red Wine, European, bottle",http://www.sainsburys.co.uk/shop/gb/groceries/drinks/red-wine,red wine ,0.0,BARKAN CLASSIC CABERNET SAUVIGNON 75CL,£10.00/unit,10.0,£10.00 / 75cl,10.0,75,cl,13.3333,l,,
2015-11-12 05:00:24.620654,SAINSBURY,212016,"Fresh/Chilled Orange Juice, eg. Tropicana",http://www.sainsburys.co.uk/shop/gb/groceries/drinks/drinks-chilled-fruit-juice,fresh orange juice ,0.0,COLDPRESS MEAN GREENS 500ML,£2.80/unit,2.8,£0.56 / 100ml,0.56,100,ml,5.6,l,,
2015-11-12 05:00:24.625478,SAINSBURY,212016,"Fresh/Chilled Orange Juice, eg. Tropicana",http://www.sainsburys.co.uk/shop/gb/groceries/drinks/drinks-chilled-fruit-juice,fresh orange juice ,0.0,COPELLA APPLE & ELDERFLOWER 1.5L,£3.00/unit,3.0,£0.20 / 100ml,0.2,100,ml,2.0,l,,
2015-11-12 05:00:24.630143,SAINSBURY,212016,"Fresh/Chilled Orange Juice, eg. Tropicana",http://www.sainsburys.co.uk/shop/gb/groceries/drinks/drinks-chilled-fruit-juice,fresh orange juice ,0.0,COPELLA APPLE & ELDERFLOWER 900ML,£1.50/unit,1.5,£0.17 / 100ml,0.17,100,ml,1.7,l,Only £1.50: Save 50p,Only £1.50: Save 50p
2015-11-12 05:00:24.635374,SAINSBURY,310215,"Lager, 4 bottles, 4.3%-7.5% ABV",http://www.sainsburys.co.uk/shop/gb/groceries/drinks/lager,lager bottles ,0.5,BAVARIA LAGER SHANDY 6X330ML,£2.50/unit,2.5,£1.26 / 1 ltr,1.26,1,ltr,1.26,l,,
2015-11-12 05:00:24.640288,SAINSBURY,310215,"Lager, 4 bottles, 4.3%-7.5% ABV",http://www.sainsburys.co.uk/shop/gb/groceries/drinks/lager,lager bottles ,0.5,BECK'S BLUE ALCOHOL FREE LAGER 15X275ML,£8.00/unit,8.0,£1.94 / 1 ltr,1.94,1,ltr,1.94,l,,
2015-11-12 05:00:24.651556,SAINSBURY,211709,"Shop Milk, whole milk",http://www.sainsburys.co.uk/shop/gb/groceries/dairy-eggs-chilled/fresh-milk,whole,0.0,SAINSBURY'S BRITISH FILTERED SKIMMED MILK 2L,£1.50/unit,1.5,£0.75 / 1 ltr,0.75,1,ltr,0.75,l,,
2015-11-12 05:00:24.654983,SAINSBURY,211709,"Shop Milk, whole milk",http://www.sainsburys.co.uk/shop/gb/groceries/dairy-eggs-chilled/fresh-milk,whole,1.0,SAINSBURY'S BRITISH FILTERED WHOLE MILK 2L,£1.50/unit,1.5,£0.75 / 1 ltr,0.75,1,ltr,0.75,l,,
2015-11-12 05:00:24.658243,SAINSBURY,211709,"Shop Milk, whole milk",http://www.sainsburys.co.uk/shop/gb/groceries/dairy-eggs-chilled/fresh-milk,whole,0.0,SAINSBURY'S BRITISH SEMI SKIMMED MILK 1.13L (2 PINT),£0.75/unit,0.75,£0.66 / 1 ea,0.66,1,ea,0.66,each,,
2015-11-12 05:00:24.662036,SAINSBURY,310405,"Brandy, bottle",http://www.sainsburys.co.uk/shop/gb/groceries/drinks/brandy-cognac,brandy,1.0,SAINSBURY'S 3 YEAR OLD FRENCH BRANDY 1L,£17.00/unit,17.0,£17.00 / 1 ltr,17.0,1,ltr,17.0,l,,
2015-11-12 05:00:24.665604,SAINSBURY,310405,"Brandy, bottle",http://www.sainsburys.co.uk/shop/gb/groceries/drinks/brandy-cognac,brandy,1.0,SAINSBURY'S 3 YEAR OLD FRENCH BRANDY 35CL,£7.00/unit,7.0,£20.00 / 1 ltr,20.0,1,ltr,20.0,l,,
2015-11-12 05:00:24.669025,SAINSBURY,310405,"Brandy, bottle",http://www.sainsburys.co.uk/shop/gb/groceries/drinks/brandy-cognac,brandy,1.0,SAINSBURY'S 3 YEAR OLD FRENCH BRANDY 70CL,£12.50/unit,12.5,£17.86 / 1 ltr,17.86,1,ltr,17.86,l,,
2015-11-12 05:00:24.673104,SAINSBURY,310421,"Red Wine, European, bottle",http://www.sainsburys.co.uk/shop/gb/groceries/drinks/red-wine,red wine ,0.0,BAROLO FONTANAFREDDA 75CL,£21.00/unit,21.0,£21.00 / 75cl,21.0,75,cl,28.0,l,,
2015-11-12 05:00:24.676994,SAINSBURY,310421,"Red Wine, European, bottle",http://www.sainsburys.co.uk/shop/gb/groceries/drinks/red-wine,red wine ,0.0,BARON DE LA VINAS RIOJA RESERVA 75CL,£10.00/unit,10.0,£10.00 / 75cl,10.0,75,cl,13.3333,l,Buy any 2 for £14.00,Buy any 2 for £14.00
2015-11-12 05:00:24.680916,SAINSBURY,310421,"Red Wine, European, bottle",http://www.sainsburys.co.uk/shop/gb/groceries/drinks/red-wine,red wine ,0.0,BARRAMUNDI SHIRAZ 75CL,£6.00/unit,6.0,£6.00 / 75cl,6.0,75,cl,8.0,l,Only £6.00: Save £2.00,Only £6.00: Save £2.00
2015-11-12 05:00:24.685607,SAINSBURY,212016,"Fresh/Chilled Orange Juice, eg. Tropicana",http://www.sainsburys.co.uk/shop/gb/groceries/drinks/drinks-chilled-fruit-juice,fresh orange juice ,0.0,COPELLA APPLE & MANGO 900ML,£1.50/unit,1.5,£0.17 / 100ml,0.17,100,ml,1.7,l,Only £1.50: Save 50p,Only £1.50: Save 50p
2015-11-12 05:00:24.690455,SAINSBURY,212016,"Fresh/Chilled Orange Juice, eg. Tropicana",http://www.sainsburys.co.uk/shop/gb/groceries/drinks/drinks-chilled-fruit-juice,fresh orange juice ,0.0,COPELLA APPLE & PEAR 900ML,£1.50/unit,1.5,£0.17 / 100ml,0.17,100,ml,1.7,l,Only £1.50: Save 50p,Only £1.50: Save 50p
2015-11-12 05:00:24.694870,SAINSBURY,212016,"Fresh/Chilled Orange Juice, eg. Tropicana",http://www.sainsburys.co.uk/shop/gb/groceries/drinks/drinks-chilled-fruit-juice,fresh orange juice ,0.0,COPELLA APPLE & RASPBERRY 900ML,£1.50/unit,1.5,£0.17 / 100ml,0.17,100,ml,1.7,l,Only £1.50: Save 50p,Only £1.50: Save 50p
2015-11-12 05:00:24.699819,SAINSBURY,310215,"Lager, 4 bottles, 4.3%-7.5% ABV",http://www.sainsburys.co.uk/shop/gb/groceries/drinks/lager,lager bottles ,0.5,BECK'S BLUE ALCOHOL FREE LAGER 6X275ML,£3.50/unit,3.5,£2.12 / 1 ltr,2.12,1,ltr,2.12,l,,
2015-11-12 05:00:24.704480,SAINSBURY,310215,"Lager, 4 bottles, 4.3%-7.5% ABV",http://www.sainsburys.co.uk/shop/gb/groceries/drinks/lager,lager bottles ,0.5,BECK'S LAGER 15X275ML,£10.00/unit,10.0,£2.42 / 1 ltr,2.42,1,ltr,2.42,l,Buy any 2 for £18.00,Buy any 2 for £18.00
2015-11-12 05:00:24.709112,SAINSBURY,310215,"Lager, 4 bottles, 4.3%-7.5% ABV",http://www.sainsburys.co.uk/shop/gb/groceries/drinks/lager,lager bottles ,0.5,BECK'S LAGER 20X275ML,£10.00/unit,10.0,£1.82 / 1 ltr,1.82,1,ltr,1.82,l,Only £10.00: Save £2.00,Only £10.00: Save £2.00
2015-11-12 05:00:24.726475,SAINSBURY,211305,"Spreadable butter, 500g, 40-70% butter content",http://www.sainsburys.co.uk/shop/gb/groceries/dairy-eggs-chilled/spreadable-butter,spreadable butter 500g,0.67,ANCHOR LIGHTER SPREADABLE 500G,£3.25/unit,3.25,£6.50 / 1 kg,6.5,1,kg,6.5,kg,,
2015-11-12 05:00:24.731155,SAINSBURY,211709,"Shop Milk, whole milk",http://www.sainsburys.co.uk/shop/gb/groceries/dairy-eggs-chilled/fresh-milk,whole,0.0,SAINSBURY'S BRITISH SEMI SKIMMED MILK 2.27L (4 PINT),£1.00/unit,1.0,£0.44 / 1 ltr,0.44,1,ltr,0.44,l,,
2015-11-12 05:00:24.734190,SAINSBURY,211709,"Shop Milk, whole milk",http://www.sainsburys.co.uk/shop/gb/groceries/dairy-eggs-chilled/fresh-milk,whole,0.0,SAINSBURY'S BRITISH SEMI SKIMMED MILK 3.4L (6 PINT),£1.48/unit,1.48,£0.43 / 1 ltr,0.43,1,ltr,0.43,l,,
2015-11-12 05:00:24.737036,SAINSBURY,211709,"Shop Milk, whole milk",http://www.sainsburys.co.uk/shop/gb/groceries/dairy-eggs-chilled/fresh-milk,whole,0.0,SAINSBURY'S BRITISH SEMI SKIMMED MILK 568ML (1 PINT),£0.45/unit,0.45,£0.79 / 1 ltr,0.79,1,ltr,0.79,l,,
2015-11-12 05:00:24.739774,SAINSBURY,211709,"Shop Milk, whole milk",http://www.sainsburys.co.uk/shop/gb/groceries/dairy-eggs-chilled/fresh-milk,whole,0.0,"SAINSBURY'S BRITISH SEMI SKIMMED MILK, SO ORGANIC 1.13L (2 PINT)",£1.10/unit,1.1,£0.97 / 1 ltr,0.97,1,ltr,0.97,l,,
2015-11-12 05:00:24.743125,SAINSBURY,310405,"Brandy, bottle",http://www.sainsburys.co.uk/shop/gb/groceries/drinks/brandy-cognac,brandy,0.0,"SAINSBURY'S ARMAGNAC, TASTE THE DIFFERENCE 50CL",£22.00/unit,22.0,£44.00 / 1 ltr,44.0,1,ltr,44.0,l,,
2015-11-12 05:00:24.746520,SAINSBURY,310405,"Brandy, bottle",http://www.sainsburys.co.uk/shop/gb/groceries/drinks/brandy-cognac,brandy,0.0,"SAINSBURY'S BRANDY, BASICS 70CL",£11.50/unit,11.5,£16.43 / 1 ltr,16.43,1,ltr,16.43,l,,
2015-11-12 05:00:24.749709,SAINSBURY,310405,"Brandy, bottle",http://www.sainsburys.co.uk/shop/gb/groceries/drinks/brandy-cognac,brandy,0.0,"SAINSBURY'S CALVADOS PAYS D'AUGE XO 12 YRS, TASTE THE DIFFERENCE 50CL",£20.00/unit,20.0,£40.00 / 1 ltr,40.0,1,ltr,40.0,l,,
2015-11-12 05:00:24.752706,SAINSBURY,310405,"Brandy, bottle",http://www.sainsburys.co.uk/shop/gb/groceries/drinks/brandy-cognac,brandy,0.0,"SAINSBURY'S KIRSCH, TASTE THE DIFFERENCE 35CL",£12.00/unit,12.0,£34.29 / 1 ltr,34.29,1,ltr,34.29,l,,
2015-11-12 05:00:24.756425,SAINSBURY,310421,"Red Wine, European, bottle",http://www.sainsburys.co.uk/shop/gb/groceries/drinks/red-wine,red wine ,0.0,BELLINGHAM THE BERNARD SERIES SYRAH 75CL,£11.00/unit,11.0,£11.00 / 75cl,11.0,75,cl,14.6667,l,Only £11.00: Save £1.00,Only £11.00: Save £1.00
2015-11-12 05:00:24.760166,SAINSBURY,310421,"Red Wine, European, bottle",http://www.sainsburys.co.uk/shop/gb/groceries/drinks/red-wine,red wine ,0.0,BEYERSKLOOF PINOTAGE 75CL,£8.00/unit,8.0,£8.00 / 75cl,8.0,75,cl,10.6667,l,Buy any 2 for £12.00,Buy any 2 for £12.00
2015-11-12 05:00:24.763692,SAINSBURY,310421,"Red Wine, European, bottle",http://www.sainsburys.co.uk/shop/gb/groceries/drinks/red-wine,red wine ,0.0,BEYERSKLOOF SYNERGY 75CL,£10.00/unit,10.0,£10.00 / 75cl,10.0,75,cl,13.3333,l,,
2015-11-12 05:00:24.767942,SAINSBURY,212016,"Fresh/Chilled Orange Juice, eg. Tropicana",http://www.sainsburys.co.uk/shop/gb/groceries/drinks/drinks-chilled-fruit-juice,fresh orange juice ,0.0,COPELLA APPLE 1.5L,£3.00/unit,3.0,£0.20 / 100ml,0.2,100,ml,2.0,l,,
2015-11-12 05:00:24.772059,SAINSBURY,212016,"Fresh/Chilled Orange Juice, eg. Tropicana",http://www.sainsburys.co.uk/shop/gb/groceries/drinks/drinks-chilled-fruit-juice,fresh orange juice ,0.0,COPELLA APPLE 900ML,£1.50/unit,1.5,£0.17 / 100ml,0.17,100,ml,1.7,l,Only £1.50: Save 50p,Only £1.50: Save 50p
2015-11-12 05:00:24.776200,SAINSBURY,212016,"Fresh/Chilled Orange Juice, eg. Tropicana",http://www.sainsburys.co.uk/shop/gb/groceries/drinks/drinks-chilled-fruit-juice,fresh orange juice ,0.33,COPELLA ORANGE ORIGINAL 1.5L,£3.00/unit,3.0,£0.20 / 100ml,0.2,100,ml,2.0,l,,
2015-11-12 05:00:24.780830,SAINSBURY,310215,"Lager, 4 bottles, 4.3%-7.5% ABV",http://www.sainsburys.co.uk/shop/gb/groceries/drinks/lager,lager bottles ,0.5,BECK'S LAGER 4X440ML,£4.50/unit,4.5,£2.56 / 1 ltr,2.56,1,ltr,2.56,l,Buy any 2 for £8.00,Buy any 2 for £8.00
2015-11-12 05:00:24.785334,SAINSBURY,310215,"Lager, 4 bottles, 4.3%-7.5% ABV",http://www.sainsburys.co.uk/shop/gb/groceries/drinks/lager,lager bottles ,0.5,BECK'S LAGER 660ML,£2.00/unit,2.0,£3.03 / 1 ltr,3.03,1,ltr,3.03,l,Buy any 3 for £5.00,Buy any 3 for £5.00
2015-11-12 05:00:24.789697,SAINSBURY,310215,"Lager, 4 bottles, 4.3%-7.5% ABV",http://www.sainsburys.co.uk/shop/gb/groceries/drinks/lager,lager bottles ,0.5,BECK'S LAGER 6X275ML,£5.50/unit,5.5,£3.33 / 1 ltr,3.33,1,ltr,3.33,l,,
2015-11-12 05:00:24.794440,SAINSBURY,211305,"Spreadable butter, 500g, 40-70% butter content",http://www.sainsburys.co.uk/shop/gb/groceries/dairy-eggs-chilled/spreadable-butter,spreadable butter 500g,0.33,ANCHOR SPREADABLE 250G,£1.80/unit,1.8,£7.20 / 1 kg,7.2,1,kg,7.2,kg,,
2015-11-12 05:00:24.798964,SAINSBURY,211305,"Spreadable butter, 500g, 40-70% butter content",http://www.sainsburys.co.uk/shop/gb/groceries/dairy-eggs-chilled/spreadable-butter,spreadable butter 500g,0.67,ANCHOR SPREADABLE 500G,£3.25/unit,3.25,£6.50 / 1 kg,6.5,1,kg,6.5,kg,,
2015-11-12 05:00:24.803769,SAINSBURY,211305,"Spreadable butter, 500g, 40-70% butter content",http://www.sainsburys.co.uk/shop/gb/groceries/dairy-eggs-chilled/spreadable-butter,spreadable butter 500g,0.67,ANCHOR UNSALTED SPREADABLE 500G,£3.25/unit,3.25,£6.50 / 1 kg,6.5,1,kg,6.5,kg,,
2015-11-12 05:00:24.824025,SAINSBURY,211709,"Shop Milk, whole milk",http://www.sainsburys.co.uk/shop/gb/groceries/dairy-eggs-chilled/fresh-milk,whole,0.0,"SAINSBURY'S BRITISH SEMI SKIMMED MILK, SO ORGANIC 2.27L (4 PINT)",£1.85/unit,1.85,£0.81 / 1 ltr,0.81,1,ltr,0.81,l,,
2015-11-12 05:00:24.826651,SAINSBURY,211709,"Shop Milk, whole milk",http://www.sainsburys.co.uk/shop/gb/groceries/dairy-eggs-chilled/fresh-milk,whole,0.0,"SAINSBURY'S BRITISH SEMI SKIMMED MILK, SO ORGANIC 568ML (1 PINT)",£0.60/unit,0.6,£1.06 / 1 ltr,1.06,1,ltr,1.06,l,,
2015-11-12 05:00:24.829213,SAINSBURY,211709,"Shop Milk, whole milk",http://www.sainsburys.co.uk/shop/gb/groceries/dairy-eggs-chilled/fresh-milk,whole,0.0,SAINSBURY'S BRITISH SKIMMED MILK 1.13L (2 PINT),£0.75/unit,0.75,£0.66 / 1 ltr,0.66,1,ltr,0.66,l,,
2015-11-12 05:00:24.831537,SAINSBURY,211709,"Shop Milk, whole milk",http://www.sainsburys.co.uk/shop/gb/groceries/dairy-eggs-chilled/fresh-milk,whole,0.0,SAINSBURY'S BRITISH SKIMMED MILK 2.27L (4 PINT),£1.00/unit,1.0,£0.44 / 1 ltr,0.44,1,ltr,0.44,l,,
2015-11-12 05:00:24.834554,SAINSBURY,310405,"Brandy, bottle",http://www.sainsburys.co.uk/shop/gb/groceries/drinks/brandy-cognac,brandy,1.0,SAINSBURY'S SPANISH BRANDY 70CL,£12.50/unit,12.5,£17.86 / 1 ltr,17.86,1,ltr,17.86,l,,
2015-11-12 05:00:24.837404,SAINSBURY,310405,"Brandy, bottle",http://www.sainsburys.co.uk/shop/gb/groceries/drinks/brandy-cognac,brandy,0.0,SAINSBURY'S VS GRAND CRU COGNAC 70CL,£17.00/unit,17.0,£24.29 / 1 ltr,24.29,1,ltr,24.29,l,,
2015-11-12 05:00:24.840174,SAINSBURY,310405,"Brandy, bottle",http://www.sainsburys.co.uk/shop/gb/groceries/drinks/brandy-cognac,brandy,0.0,SAINSBURY'S VSOP GRAND CRU COGNAC 70CL,£22.00/unit,22.0,£31.43 / 1 ltr,31.43,1,ltr,31.43,l,,
2015-11-12 05:00:24.842781,SAINSBURY,310405,"Brandy, bottle",http://www.sainsburys.co.uk/shop/gb/groceries/drinks/brandy-cognac,brandy,0.0,"SAINSBURY'S XO BRANDY, TASTE THE DIFFERENCE 70CL",£17.00/unit,17.0,£24.29 / 1 ltr,24.29,1,ltr,24.29,l,,
2015-11-12 05:00:24.846225,SAINSBURY,310421,"Red Wine, European, bottle",http://www.sainsburys.co.uk/shop/gb/groceries/drinks/red-wine,red wine ,0.5,BLOSSOM HILL RED 75CL,£5.00/unit,5.0,£5.00 / 75cl,5.0,75,cl,6.6667,l,,
2015-11-12 05:00:24.849544,SAINSBURY,310421,"Red Wine, European, bottle",http://www.sainsburys.co.uk/shop/gb/groceries/drinks/red-wine,red wine ,0.0,BOUCHARD AINE ET FILS PINOT NOIR 75CL,£8.00/unit,8.0,£8.00 / 75cl,8.0,75,cl,10.6667,l,Buy any 2 for £12.00,Buy any 2 for £12.00
2015-11-12 05:00:24.852833,SAINSBURY,310421,"Red Wine, European, bottle",http://www.sainsburys.co.uk/shop/gb/groceries/drinks/red-wine,red wine ,0.0,BRANCOTT ESTATE CABERNET MERLOT 75CL,£9.00/unit,9.0,£9.00 / 75cl,9.0,75,cl,12.0,l,,
2015-11-12 05:00:24.856840,SAINSBURY,212016,"Fresh/Chilled Orange Juice, eg. Tropicana",http://www.sainsburys.co.uk/shop/gb/groceries/drinks/drinks-chilled-fruit-juice,fresh orange juice ,0.33,COPELLA ORIGINAL ORANGE 900ML,£1.50/unit,1.5,£0.17 / 100ml,0.17,100,ml,1.7,l,Only £1.50: Save 50p,Only £1.50: Save 50p
2015-11-12 05:00:24.860782,SAINSBURY,212016,"Fresh/Chilled Orange Juice, eg. Tropicana",http://www.sainsburys.co.uk/shop/gb/groceries/drinks/drinks-chilled-fruit-juice,fresh orange juice ,0.33,COPELLA SMOOTH ORANGE 1.5L,£3.00/unit,3.0,£0.20 / 100ml,0.2,100,ml,2.0,l,,
2015-11-12 05:00:24.864505,SAINSBURY,212016,"Fresh/Chilled Orange Juice, eg. Tropicana",http://www.sainsburys.co.uk/shop/gb/groceries/drinks/drinks-chilled-fruit-juice,fresh orange juice ,0.33,COPELLA SMOOTH ORANGE 900ML,£1.50/unit,1.5,£0.17 / 100ml,0.17,100,ml,1.7,l,Only £1.50: Save 50p,Only £1.50: Save 50p
2015-11-12 05:00:24.868943,SAINSBURY,310215,"Lager, 4 bottles, 4.3%-7.5% ABV",http://www.sainsburys.co.uk/shop/gb/groceries/drinks/lager,lager bottles ,0.0,BECK'S VIER 12X440ML,£11.00/unit,11.0,£2.08 / 1 ltr,2.08,1,ltr,2.08,l,,
2015-11-12 05:00:24.873061,SAINSBURY,310215,"Lager, 4 bottles, 4.3%-7.5% ABV",http://www.sainsburys.co.uk/shop/gb/groceries/drinks/lager,lager bottles ,0.0,BECK'S VIER 18X440ML,£13.00/unit,13.0,£1.64 / 1 ltr,1.64,1,ltr,1.64,l,Only £13.00: Save £1.00,Only £13.00: Save £1.00
2015-11-12 05:00:24.877170,SAINSBURY,310215,"Lager, 4 bottles, 4.3%-7.5% ABV",http://www.sainsburys.co.uk/shop/gb/groceries/drinks/lager,lager bottles ,0.0,BECK'S VIER 4X440ML,£3.50/unit,3.5,£1.99 / 1 ltr,1.99,1,ltr,1.99,l,Only £3.50: Save 50p,Only £3.50: Save 50p
2015-11-12 05:00:24.881801,SAINSBURY,211305,"Spreadable butter, 500g, 40-70% butter content",http://www.sainsburys.co.uk/shop/gb/groceries/dairy-eggs-chilled/spreadable-butter,spreadable butter 500g,0.33,BERTOLLI SPREAD WITH BUTTER 400G,£2.50/unit,2.5,£6.25 / 1 kg,6.25,1,kg,6.25,kg,,
2015-11-12 05:00:24.886164,SAINSBURY,211305,"Spreadable butter, 500g, 40-70% butter content",http://www.sainsburys.co.uk/shop/gb/groceries/dairy-eggs-chilled/spreadable-butter,spreadable butter 500g,0.67,COUNTRY LIFE SPREADABLE 500G,£2.90/unit,2.9,£5.80 / 1 kg,5.8,1,kg,5.8,kg,,
2015-11-12 05:00:24.890370,SAINSBURY,211305,"Spreadable butter, 500g, 40-70% butter content",http://www.sainsburys.co.uk/shop/gb/groceries/dairy-eggs-chilled/spreadable-butter,spreadable butter 500g,0.67,COUNTRY LIFE SPREADABLE LIGHTER 500G,£2.90/unit,2.9,£5.80 / 1 kg,5.8,1,kg,5.8,kg,,
2015-11-12 05:00:24.897472,SAINSBURY,310427,"RUM, WHITE, BOTTLE",http://www.sainsburys.co.uk/shop/gb/groceries/drinks/rum,white rum ,0.5,HAVANA CLUB 7 YEARS OLD RUM 70CL,£26.00/unit,26.0,£37.14 / 1 ltr,37.14,1,ltr,37.14,l,,
2015-11-12 05:00:24.903074,SAINSBURY,310427,"RUM, WHITE, BOTTLE",http://www.sainsburys.co.uk/shop/gb/groceries/drinks/rum,white rum ,0.5,ANGOSTURA 1919 RUM 70CL,£26.00/unit,26.0,£37.14 / 1 ltr,37.14,1,ltr,37.14,l,,
2015-11-12 05:00:24.906298,SAINSBURY,211709,"Shop Milk, whole milk",http://www.sainsburys.co.uk/shop/gb/groceries/dairy-eggs-chilled/fresh-milk,whole,0.0,SAINSBURY'S BRITISH SKIMMED MILK 568ML (1 PINT),£0.45/unit,0.45,£0.79 / 1 ltr,0.79,1,ltr,0.79,l,,
2015-11-12 05:00:24.914364,SAINSBURY,310405,"Brandy, bottle",http://www.sainsburys.co.uk/shop/gb/groceries/drinks/brandy-cognac,brandy,0.0,"SAINSBURY'S XO COGNAC, TASTE THE DIFFERENCE 50CL",£22.00/unit,22.0,£44.00 / 1 ltr,44.0,1,ltr,44.0,l,,
2015-11-12 05:00:24.916761,SAINSBURY,310405,"Brandy, bottle",http://www.sainsburys.co.uk/shop/gb/groceries/drinks/brandy-cognac,brandy,0.0,THREE BARRELS HONEY 70CL,£14.00/unit,14.0,£20.00 / 1 ltr,20.0,1,ltr,20.0,l,Only £14.00: Save £3.00,Only £14.00: Save £3.00
2015-11-12 05:00:24.919087,SAINSBURY,310405,"Brandy, bottle",http://www.sainsburys.co.uk/shop/gb/groceries/drinks/brandy-cognac,brandy,1.0,THREE BARRELS VSOP BRANDY 1L,£22.00/unit,22.0,£22.00 / 1 ltr,22.0,1,ltr,22.0,l,,
2015-11-12 05:00:24.924840,SAINSBURY,310421,"Red Wine, European, bottle",http://www.sainsburys.co.uk/shop/gb/groceries/drinks/red-wine,red wine ,0.0,BRANCOTT ESTATE PINOT NOIR 75CL,£11.00/unit,11.0,£11.00 / 75cl,11.0,75,cl,14.6667,l,,
2015-11-12 05:00:24.927775,SAINSBURY,310421,"Red Wine, European, bottle",http://www.sainsburys.co.uk/shop/gb/groceries/drinks/red-wine,red wine ,0.0,BROWN BROTHERS TARRANGO 75CL,£7.00/unit,7.0,£7.00 / 75cl,7.0,75,cl,9.3333,l,,
2015-11-12 05:00:24.930584,SAINSBURY,310421,"Red Wine, European, bottle",http://www.sainsburys.co.uk/shop/gb/groceries/drinks/red-wine,red wine ,0.0,CAJA ROJA MONASTRELL TEMPRANILLO 2.25L,£16.00/unit,16.0,£5.33 / 75cl,5.33,75,cl,7.1067,l,,
2015-11-12 05:00:24.933329,SAINSBURY,310421,"Red Wine, European, bottle",http://www.sainsburys.co.uk/shop/gb/groceries/drinks/red-wine,red wine ,0.0,CAMPO VIEJO GRAN RESERVA RIOJA 75CL,£15.00/unit,15.0,£15.00 / 75cl,15.0,75,cl,20.0,l,,
2015-11-12 05:00:24.936969,SAINSBURY,212016,"Fresh/Chilled Orange Juice, eg. Tropicana",http://www.sainsburys.co.uk/shop/gb/groceries/drinks/drinks-chilled-fruit-juice,fresh orange juice ,0.67,GROVE ORGANIC PREMIUM 100% PURE ORANGE JUICE 1L,£2.80/unit,2.8,£0.28 / 100ml,0.28,100,ml,2.8,l,,
2015-11-12 05:00:24.940458,SAINSBURY,212016,"Fresh/Chilled Orange Juice, eg. Tropicana",http://www.sainsburys.co.uk/shop/gb/groceries/drinks/drinks-chilled-fruit-juice,fresh orange juice ,0.33,INNOCENT APPLE & BERRIES JUICE 1.35L,£3.25/unit,3.25,£0.24 / 100ml,0.24,100,ml,2.4,l,,
2015-11-12 05:00:24.943764,SAINSBURY,212016,"Fresh/Chilled Orange Juice, eg. Tropicana",http://www.sainsburys.co.uk/shop/gb/groceries/drinks/drinks-chilled-fruit-juice,fresh orange juice ,0.33,INNOCENT APPLE & BERRIES JUICE 900ML,£2.50/unit,2.5,£0.28 / 100ml,0.28,100,ml,2.8,l,Buy any 2 for £3.00,Buy any 2 for £3.00
2015-11-12 05:00:24.947831,SAINSBURY,310215,"Lager, 4 bottles, 4.3%-7.5% ABV",http://www.sainsburys.co.uk/shop/gb/groceries/drinks/lager,lager bottles ,0.5,BIRRA MORETTI LAGER 4X330ML,£4.00/unit,4.0,£3.03 / 1 ltr,3.03,1,ltr,3.03,l,Only £4.00: Save 50p,Only £4.00: Save 50p
2015-11-12 05:00:24.951561,SAINSBURY,310215,"Lager, 4 bottles, 4.3%-7.5% ABV",http://www.sainsburys.co.uk/shop/gb/groceries/drinks/lager,lager bottles ,0.5,BIRRA MORETTI LAGER 660ML,£2.00/unit,2.0,£3.03 / 1 ltr,3.03,1,ltr,3.03,l,Buy any 3 for £5.00,Buy any 3 for £5.00
2015-11-12 05:00:24.955219,SAINSBURY,310215,"Lager, 4 bottles, 4.3%-7.5% ABV",http://www.sainsburys.co.uk/shop/gb/groceries/drinks/lager,lager bottles ,0.5,BRAHMA LAGER 4X330ML,£4.00/unit,4.0,£3.03 / 1 ltr,3.03,1,ltr,3.03,l,,
2015-11-12 05:00:24.959370,SAINSBURY,211305,"Spreadable butter, 500g, 40-70% butter content",http://www.sainsburys.co.uk/shop/gb/groceries/dairy-eggs-chilled/spreadable-butter,spreadable butter 500g,0.0,FLORA GOLD SPREAD SLIGHTLY SALTED 400G,£2.50/unit,2.5,£6.25 / 1 kg,6.25,1,kg,6.25,kg,,
2015-11-12 05:00:24.963401,SAINSBURY,211305,"Spreadable butter, 500g, 40-70% butter content",http://www.sainsburys.co.uk/shop/gb/groceries/dairy-eggs-chilled/spreadable-butter,spreadable butter 500g,0.33,KERRYGOLD SOFTER BUTTER 250G,£1.90/unit,1.9,£7.60 / 1 kg,7.6,1,kg,7.6,kg,,
2015-11-12 05:00:24.967265,SAINSBURY,211305,"Spreadable butter, 500g, 40-70% butter content",http://www.sainsburys.co.uk/shop/gb/groceries/dairy-eggs-chilled/spreadable-butter,spreadable butter 500g,0.33,KERRYGOLD SPREADABLE 400G,£2.70/unit,2.7,£6.75 / 1 kg,6.75,1,kg,6.75,kg,,
2015-11-12 05:00:24.972483,SAINSBURY,310427,"RUM, WHITE, BOTTLE",http://www.sainsburys.co.uk/shop/gb/groceries/drinks/rum,white rum ,0.5,APPLETON ESTATE SPECIAL JAMAICA RUM 70CL,£14.00/unit,14.0,£20.00 / 1 ltr,20.0,1,ltr,20.0,l,,
2015-11-12 05:00:24.977382,SAINSBURY,310427,"RUM, WHITE, BOTTLE",http://www.sainsburys.co.uk/shop/gb/groceries/drinks/rum,white rum ,0.5,APPLETON ESTATE VX JAMAICAN RUM 70CL,£20.00/unit,20.0,£28.57 / 1 ltr,28.57,1,ltr,28.57,l,,
2015-11-12 05:00:24.982219,SAINSBURY,310427,"RUM, WHITE, BOTTLE",http://www.sainsburys.co.uk/shop/gb/groceries/drinks/rum,white rum ,0.5,BACARDI CARTA BLANCA RUM 1L,£18.00/unit,18.0,£18.00 / 1 ltr,18.0,1,ltr,18.0,l,Only £18.00: Save £3.50,Only £18.00: Save £3.50
2015-11-12 05:00:24.988851,SAINSBURY,310421,"Red Wine, European, bottle",http://www.sainsburys.co.uk/shop/gb/groceries/drinks/red-wine,red wine ,0.0,CAMPO VIEJO RIOJA RESERVA 75CL,£10.00/unit,10.0,£10.00 / 75cl,10.0,75,cl,13.3333,l,,
2015-11-12 05:00:24.991405,SAINSBURY,310421,"Red Wine, European, bottle",http://www.sainsburys.co.uk/shop/gb/groceries/drinks/red-wine,red wine ,0.0,CAMPO VIEJO RIOJA TEMPRANILLO 18.7CL,£2.50/unit,2.5,£10.03 / 75cl,10.03,75,cl,13.3733,l,,
2015-11-12 05:00:24.993815,SAINSBURY,310421,"Red Wine, European, bottle",http://www.sainsburys.co.uk/shop/gb/groceries/drinks/red-wine,red wine ,0.0,CAMPO VIEJO RIOJA TEMPRANILLO 75CL,£8.00/unit,8.0,£8.00 / 75cl,8.0,75,cl,10.6667,l,,
2015-11-12 05:00:24.996189,SAINSBURY,310421,"Red Wine, European, bottle",http://www.sainsburys.co.uk/shop/gb/groceries/drinks/red-wine,red wine ,0.0,CANTI MERLOT SANGIOVESE IGT SICILIA 75CL,£5.00/unit,5.0,£5.00 / 75cl,5.0,75,cl,6.6667,l,,
2015-11-12 05:00:24.999461,SAINSBURY,212016,"Fresh/Chilled Orange Juice, eg. Tropicana",http://www.sainsburys.co.uk/shop/gb/groceries/drinks/drinks-chilled-fruit-juice,fresh orange juice ,0.33,INNOCENT APPLE & ELDERFLOWER JUICE 900ML,£2.50/unit,2.5,£0.28 / 100ml,0.28,100,ml,2.8,l,Buy any 2 for £3.00,Buy any 2 for £3.00
2015-11-12 05:00:25.002769,SAINSBURY,212016,"Fresh/Chilled Orange Juice, eg. Tropicana",http://www.sainsburys.co.uk/shop/gb/groceries/drinks/drinks-chilled-fruit-juice,fresh orange juice ,0.33,INNOCENT APPLE & MANGO JUICE 1.35L,£3.25/unit,3.25,£0.24 / 100ml,0.24,100,ml,2.4,l,,
2015-11-12 05:00:25.005898,SAINSBURY,212016,"Fresh/Chilled Orange Juice, eg. Tropicana",http://www.sainsburys.co.uk/shop/gb/groceries/drinks/drinks-chilled-fruit-juice,fresh orange juice ,0.33,INNOCENT APPLE & MANGO JUICE 900ML,£2.50/unit,2.5,£0.28 / 100ml,0.28,100,ml,2.8,l,Buy any 2 for £3.00,Buy any 2 for £3.00
2015-11-12 05:00:25.009010,SAINSBURY,212016,"Fresh/Chilled Orange Juice, eg. Tropicana",http://www.sainsburys.co.uk/shop/gb/groceries/drinks/drinks-chilled-fruit-juice,fresh orange juice ,0.33,INNOCENT APPLE & RASPBERRY JUICE 1.35L,£3.25/unit,3.25,£0.24 / 100ml,0.24,100,ml,2.4,l,,
2015-11-12 05:00:25.012565,SAINSBURY,310215,"Lager, 4 bottles, 4.3%-7.5% ABV",http://www.sainsburys.co.uk/shop/gb/groceries/drinks/lager,lager bottles ,0.5,BROOKLYN LAGER 355ML,£1.75/unit,1.75,£4.93 / 1 ltr,4.93,1,ltr,4.93,l,,
2015-11-12 05:00:25.015943,SAINSBURY,310215,"Lager, 4 bottles, 4.3%-7.5% ABV",http://www.sainsburys.co.uk/shop/gb/groceries/drinks/lager,lager bottles ,0.5,BUDWEISER BUDVAR CZECH LAGER 6X330ML,£5.50/unit,5.5,£2.78 / 1 ltr,2.78,1,ltr,2.78,l,,
2015-11-12 05:00:25.019176,SAINSBURY,310215,"Lager, 4 bottles, 4.3%-7.5% ABV",http://www.sainsburys.co.uk/shop/gb/groceries/drinks/lager,lager bottles ,0.5,BUDWEISER BUDVAR LAGER 4X330ML,£4.50/unit,4.5,£3.41 / 1 ltr,3.41,1,ltr,3.41,l,Buy any 2 for £8.00,Buy any 2 for £8.00
2015-11-12 05:00:25.023098,SAINSBURY,211305,"Spreadable butter, 500g, 40-70% butter content",http://www.sainsburys.co.uk/shop/gb/groceries/dairy-eggs-chilled/spreadable-butter,spreadable butter 500g,0.33,KERRYGOLD UNSALTED BUTTER 250G,£1.70/unit,1.7,£6.80 / 1 kg,6.8,1,kg,6.8,kg,,
2015-11-12 05:00:25.026734,SAINSBURY,211305,"Spreadable butter, 500g, 40-70% butter content",http://www.sainsburys.co.uk/shop/gb/groceries/dairy-eggs-chilled/spreadable-butter,spreadable butter 500g,0.33,LACTOFREE SPREADABLE 250G,£1.60/unit,1.6,£6.40 / 1 kg,6.4,1,kg,6.4,kg,,
2015-11-12 05:00:25.030290,SAINSBURY,211305,"Spreadable butter, 500g, 40-70% butter content",http://www.sainsburys.co.uk/shop/gb/groceries/dairy-eggs-chilled/spreadable-butter,spreadable butter 500g,0.33,LURPAK LIGHTER SPREADABLE 250G,£1.80/unit,1.8,£7.20 / 1 kg,7.2,1,kg,7.2,kg,,
2015-11-12 05:00:25.035191,SAINSBURY,310427,"RUM, WHITE, BOTTLE",http://www.sainsburys.co.uk/shop/gb/groceries/drinks/rum,white rum ,0.5,BACARDI CARTA BLANCA RUM 35CL,£8.50/unit,8.5,£24.29 / 1 ltr,24.29,1,ltr,24.29,l,,
2015-11-12 05:00:25.039803,SAINSBURY,310427,"RUM, WHITE, BOTTLE",http://www.sainsburys.co.uk/shop/gb/groceries/drinks/rum,white rum ,0.5,BACARDI CARTA BLANCA RUM 70CL,£16.00/unit,16.0,£22.86 / 1 ltr,22.86,1,ltr,22.86,l,,
2015-11-12 05:00:25.044383,SAINSBURY,310427,"RUM, WHITE, BOTTLE",http://www.sainsburys.co.uk/shop/gb/groceries/drinks/rum,white rum ,0.5,BACARDI CARTA FUEGO RUM 70CL,£20.00/unit,20.0,£28.57 / 1 ltr,28.57,1,ltr,28.57,l,,
2015-11-12 05:00:25.059739,SAINSBURY,212016,"Fresh/Chilled Orange Juice, eg. Tropicana",http://www.sainsburys.co.uk/shop/gb/groceries/drinks/drinks-chilled-fruit-juice,fresh orange juice ,0.33,INNOCENT APPLE & RASPBERRY JUICE 900ML,£2.50/unit,2.5,£0.28 / 100ml,0.28,100,ml,2.8,l,Buy any 2 for £3.00,Buy any 2 for £3.00
2015-11-12 05:00:25.062598,SAINSBURY,212016,"Fresh/Chilled Orange Juice, eg. Tropicana",http://www.sainsburys.co.uk/shop/gb/groceries/drinks/drinks-chilled-fruit-juice,fresh orange juice ,0.33,INNOCENT APPLE JUICE 1.35L,£3.25/unit,3.25,£0.24 / 100ml,0.24,100,ml,2.4,l,,
2015-11-12 05:00:25.065234,SAINSBURY,212016,"Fresh/Chilled Orange Juice, eg. Tropicana",http://www.sainsburys.co.uk/shop/gb/groceries/drinks/drinks-chilled-fruit-juice,fresh orange juice ,0.33,INNOCENT APPLE JUICE 900ML,£2.50/unit,2.5,£0.28 / 100ml,0.28,100,ml,2.8,l,Buy any 2 for £3.00,Buy any 2 for £3.00
2015-11-12 05:00:25.067820,SAINSBURY,212016,"Fresh/Chilled Orange Juice, eg. Tropicana",http://www.sainsburys.co.uk/shop/gb/groceries/drinks/drinks-chilled-fruit-juice,fresh orange juice ,0.33,"INNOCENT APPLE, PEACH & PEAR JUICE 900ML",£2.50/unit,2.5,£0.28 / 100ml,0.28,100,ml,2.8,l,Buy any 2 for £3.00,Buy any 2 for £3.00
2015-11-12 05:00:25.071275,SAINSBURY,310215,"Lager, 4 bottles, 4.3%-7.5% ABV",http://www.sainsburys.co.uk/shop/gb/groceries/drinks/lager,lager bottles ,0.5,BUDWEISER BUDVAR LAGER 500ML,£2.00/unit,2.0,£4.00 / 1 ltr,4.0,1,ltr,4.0,l,Buy any 3 for £5.00,Buy any 3 for £5.00
2015-11-12 05:00:25.074473,SAINSBURY,310215,"Lager, 4 bottles, 4.3%-7.5% ABV",http://www.sainsburys.co.uk/shop/gb/groceries/drinks/lager,lager bottles ,0.5,BUDWEISER LAGER 15X300ML,£9.00/unit,9.0,£2.00 / 1 ltr,2.0,1,ltr,2.0,l,Only £9.00: Save £1.00,Only £9.00: Save £1.00
2015-11-12 05:00:25.077566,SAINSBURY,310215,"Lager, 4 bottles, 4.3%-7.5% ABV",http://www.sainsburys.co.uk/shop/gb/groceries/drinks/lager,lager bottles ,0.5,BUDWEISER LAGER 18X440ML,£15.00/unit,15.0,£1.89 / 1 ltr,1.89,1,ltr,1.89,l,,
2015-11-12 05:00:25.080474,SAINSBURY,310215,"Lager, 4 bottles, 4.3%-7.5% ABV",http://www.sainsburys.co.uk/shop/gb/groceries/drinks/lager,lager bottles ,0.5,BUDWEISER LAGER 4X440ML,£4.00/unit,4.0,£2.28 / 1 ltr,2.28,1,ltr,2.28,l,Only £4.00: Save 50p,Only £4.00: Save 50p
2015-11-12 05:00:25.084285,SAINSBURY,211305,"Spreadable butter, 500g, 40-70% butter content",http://www.sainsburys.co.uk/shop/gb/groceries/dairy-eggs-chilled/spreadable-butter,spreadable butter 500g,0.67,LURPAK LIGHTER SPREADABLE 500G,£3.25/unit,3.25,£6.50 / 1 kg,6.5,1,kg,6.5,kg,Buy any 2 for £4.00,Buy any 2 for £4.00
2015-11-12 05:00:25.087763,SAINSBURY,211305,"Spreadable butter, 500g, 40-70% butter content",http://www.sainsburys.co.uk/shop/gb/groceries/dairy-eggs-chilled/spreadable-butter,spreadable butter 500g,0.67,LURPAK LIGHTEST SPREADABLE 500G,£3.25/unit,3.25,£6.50 / 1 kg,6.5,1,kg,6.5,kg,Buy any 2 for £4.00,Buy any 2 for £4.00
2015-11-12 05:00:25.091063,SAINSBURY,211305,"Spreadable butter, 500g, 40-70% butter content",http://www.sainsburys.co.uk/shop/gb/groceries/dairy-eggs-chilled/spreadable-butter,spreadable butter 500g,0.33,LURPAK SLIGHTLY SALTED SPREADABLE 250G,£1.80/unit,1.8,£7.20 / 1 kg,7.2,1,kg,7.2,kg,,
2015-11-12 05:00:25.095689,SAINSBURY,310427,"RUM, WHITE, BOTTLE",http://www.sainsburys.co.uk/shop/gb/groceries/drinks/rum,white rum ,0.5,BACARDI CARTA NEGRA RUM 70CL,£20.00/unit,20.0,£28.57 / 1 ltr,28.57,1,ltr,28.57,l,,
2015-11-12 05:00:25.099997,SAINSBURY,310427,"RUM, WHITE, BOTTLE",http://www.sainsburys.co.uk/shop/gb/groceries/drinks/rum,white rum ,0.5,BACARDI CARTA ORO RUM 70CL,£17.00/unit,17.0,£24.29 / 1 ltr,24.29,1,ltr,24.29,l,,
2015-11-12 05:00:25.104241,SAINSBURY,310427,"RUM, WHITE, BOTTLE",http://www.sainsburys.co.uk/shop/gb/groceries/drinks/rum,white rum ,0.0,BACARDI CLASSIC MOJITO 70CL,£8.50/unit,8.5,£12.15 / 1 ltr,12.15,1,ltr,12.15,l,Only £8.50: Save £1.50,Only £8.50: Save £1.50
2015-11-12 05:00:25.108422,SAINSBURY,212016,"Fresh/Chilled Orange Juice, eg. Tropicana",http://www.sainsburys.co.uk/shop/gb/groceries/drinks/drinks-chilled-fruit-juice,fresh orange juice ,0.33,INNOCENT CLEMENTINE & MANDARIN JUICE 900ML,£2.50/unit,2.5,£0.28 / 100ml,0.28,100,ml,2.8,l,Buy any 2 for £3.00,Buy any 2 for £3.00
2015-11-12 05:00:25.117300,SAINSBURY,310215,"Lager, 4 bottles, 4.3%-7.5% ABV",http://www.sainsburys.co.uk/shop/gb/groceries/drinks/lager,lager bottles ,0.5,BUDWEISER LAGER 660ML,£2.00/unit,2.0,£3.03 / 1 ltr,3.03,1,ltr,3.03,l,Buy any 3 for £5.00,Buy any 3 for £5.00
2015-11-12 05:00:25.120123,SAINSBURY,310215,"Lager, 4 bottles, 4.3%-7.5% ABV",http://www.sainsburys.co.uk/shop/gb/groceries/drinks/lager,lager bottles ,0.5,BUDWEISER LAGER 6X300ML,£5.50/unit,5.5,£3.06 / 1 ltr,3.06,1,ltr,3.06,l,,
2015-11-12 05:00:25.122657,SAINSBURY,310215,"Lager, 4 bottles, 4.3%-7.5% ABV",http://www.sainsburys.co.uk/shop/gb/groceries/drinks/lager,lager bottles ,0.5,CARLING LAGER 15X440ML,£8.00/unit,8.0,£1.21 / 1 ltr,1.21,1,ltr,1.21,l,Only £8.00: Save £3.00,Only £8.00: Save £3.00
2015-11-12 05:00:25.125196,SAINSBURY,310215,"Lager, 4 bottles, 4.3%-7.5% ABV",http://www.sainsburys.co.uk/shop/gb/groceries/drinks/lager,lager bottles ,0.5,CARLING LAGER 20X440ML,£14.00/unit,14.0,£1.59 / 1 ltr,1.59,1,ltr,1.59,l,,
2015-11-12 05:00:25.128442,SAINSBURY,211305,"Spreadable butter, 500g, 40-70% butter content",http://www.sainsburys.co.uk/shop/gb/groceries/dairy-eggs-chilled/spreadable-butter,spreadable butter 500g,0.33,LURPAK SPREADABLE 1KG,£6.20/unit,6.2,£6.20 / 1 kg,6.2,1,kg,6.2,kg,,
2015-11-12 05:00:25.131421,SAINSBURY,211305,"Spreadable butter, 500g, 40-70% butter content",http://www.sainsburys.co.uk/shop/gb/groceries/dairy-eggs-chilled/spreadable-butter,spreadable butter 500g,0.67,LURPAK SPREADABLE 500G,£3.25/unit,3.25,£6.50 / 1 kg,6.5,1,kg,6.5,kg,Buy any 2 for £4.00,Buy any 2 for £4.00
2015-11-12 05:00:25.134388,SAINSBURY,211305,"Spreadable butter, 500g, 40-70% butter content",http://www.sainsburys.co.uk/shop/gb/groceries/dairy-eggs-chilled/spreadable-butter,spreadable butter 500g,0.67,LURPAK SPREADABLE WITH OLIVE OIL 500G,£3.25/unit,3.25,£6.50 / 1 kg,6.5,1,kg,6.5,kg,Buy any 2 for £4.00,Buy any 2 for £4.00
2015-11-12 05:00:25.137187,SAINSBURY,211305,"Spreadable butter, 500g, 40-70% butter content",http://www.sainsburys.co.uk/shop/gb/groceries/dairy-eggs-chilled/spreadable-butter,spreadable butter 500g,0.67,LURPAK UNSALTED LIGHTER SPREADABLE 500G,£3.25/unit,3.25,£6.50 / 1 kg,6.5,1,kg,6.5,kg,Buy any 2 for £4.00,Buy any 2 for £4.00
2015-11-12 05:00:25.141509,SAINSBURY,310427,"RUM, WHITE, BOTTLE",http://www.sainsburys.co.uk/shop/gb/groceries/drinks/rum,white rum ,0.5,BACARDI OAKHEART RUM 70CL,£13.00/unit,13.0,£18.57 / 1 ltr,18.57,1,ltr,18.57,l,Only £13.00: Save £4.00,Only £13.00: Save £4.00
2015-11-12 05:00:25.145639,SAINSBURY,310427,"RUM, WHITE, BOTTLE",http://www.sainsburys.co.uk/shop/gb/groceries/drinks/rum,white rum ,0.0,BACARDI PINA COLADA 70CL,£8.50/unit,8.5,£12.15 / 1 ltr,12.15,1,ltr,12.15,l,Only £8.50: Save £1.50,Only £8.50: Save £1.50
2015-11-12 05:00:25.149619,SAINSBURY,310427,"RUM, WHITE, BOTTLE",http://www.sainsburys.co.uk/shop/gb/groceries/drinks/rum,white rum ,0.5,CAPTAIN MORGAN RUM 70CL,£17.00/unit,17.0,£24.29 / 1 ltr,24.29,1,ltr,24.29,l,,
2015-11-12 05:00:25.169722,SAINSBURY,310215,"Lager, 4 bottles, 4.3%-7.5% ABV",http://www.sainsburys.co.uk/shop/gb/groceries/drinks/lager,lager bottles ,0.5,CARLING LAGER 4X440ML,£4.00/unit,4.0,£2.27 / 1 ltr,2.27,1,ltr,2.27,l,,
2015-11-12 05:00:25.177922,SAINSBURY,211305,"Spreadable butter, 500g, 40-70% butter content",http://www.sainsburys.co.uk/shop/gb/groceries/dairy-eggs-chilled/spreadable-butter,spreadable butter 500g,0.67,LURPAK UNSALTED SPREADABLE 500G,£3.25/unit,3.25,£6.50 / 1 kg,6.5,1,kg,6.5,kg,Buy any 2 for £4.00,Buy any 2 for £4.00
2015-11-12 05:00:25.180506,SAINSBURY,211305,"Spreadable butter, 500g, 40-70% butter content",http://www.sainsburys.co.uk/shop/gb/groceries/dairy-eggs-chilled/spreadable-butter,spreadable butter 500g,0.67,PRESIDENT SPREADABLE SLIGHTLY SALTED BUTTER 250G,£1.70/unit,1.7,£6.80 / 1 kg,6.8,1,kg,6.8,kg,,
2015-11-12 05:00:25.182813,SAINSBURY,211305,"Spreadable butter, 500g, 40-70% butter content",http://www.sainsburys.co.uk/shop/gb/groceries/dairy-eggs-chilled/spreadable-butter,spreadable butter 500g,0.33,SAINSBURY'S BUTTERSOFT 500G,£1.80/unit,1.8,£3.60 / 1 kg,3.6,1,kg,3.6,kg,,
2015-11-12 05:00:25.189014,SAINSBURY,310427,"RUM, WHITE, BOTTLE",http://www.sainsburys.co.uk/shop/gb/groceries/drinks/rum,white rum ,0.0,CAPTAIN MORGAN'S SPICED GOLD 1L,£17.00/unit,17.0,£17.00 / 1 ltr,17.0,1,ltr,17.0,l,Only £17.00: Save £5.00,Only £17.00: Save £5.00
2015-11-12 05:00:25.192809,SAINSBURY,310427,"RUM, WHITE, BOTTLE",http://www.sainsburys.co.uk/shop/gb/groceries/drinks/rum,white rum ,0.0,CAPTAIN MORGAN'S SPICED GOLD 70CL,£17.00/unit,17.0,£24.29 / 1 ltr,24.29,1,ltr,24.29,l,,
2015-11-12 05:00:25.196347,SAINSBURY,310427,"RUM, WHITE, BOTTLE",http://www.sainsburys.co.uk/shop/gb/groceries/drinks/rum,white rum ,0.5,CHAIRMANS RESERVE ST LUCIAN RUM 70CL,£20.00/unit,20.0,£28.57 / 1 ltr,28.57,1,ltr,28.57,l,,
2015-11-12 05:00:25.202725,SAINSBURY,310401,"Whisky, bottle",http://www.sainsburys.co.uk/shop/gb/groceries/drinks/all-whisky,whisky,1.0,ABERFELDY 12 YEAR OLD MALT WHISKY 70CL,£35.00/unit,35.0,£50.00 / 1 ltr,50.0,1,ltr,50.0,l,,
2015-11-12 05:00:25.209246,SAINSBURY,310401,"Whisky, bottle",http://www.sainsburys.co.uk/shop/gb/groceries/drinks/all-whisky,whisky,1.0,ABERLOUR 10 YEAR OLD MALT WHISKY 70CL,£22.00/unit,22.0,£31.43 / 1 ltr,31.43,1,ltr,31.43,l,Only £22.00: Save £8.00,Only £22.00: Save £8.00
2015-11-12 05:00:25.217865,SAINSBURY,310427,"RUM, WHITE, BOTTLE",http://www.sainsburys.co.uk/shop/gb/groceries/drinks/rum,white rum ,0.5,COCKSPUR FINE RUM 70CL,£14.00/unit,14.0,£20.00 / 1 ltr,20.0,1,ltr,20.0,l,,
2015-11-12 05:00:25.221234,SAINSBURY,310427,"RUM, WHITE, BOTTLE",http://www.sainsburys.co.uk/shop/gb/groceries/drinks/rum,white rum ,0.5,FLOR DE CANA ANEJO CLASICO 5 IMPORTED RUM 70CL,£22.50/unit,22.5,£22.50 / 1 ltr,22.5,1,ltr,22.5,l,,
2015-11-12 05:00:25.224493,SAINSBURY,310427,"RUM, WHITE, BOTTLE",http://www.sainsburys.co.uk/shop/gb/groceries/drinks/rum,white rum ,0.5,HAVANA CLUB ESPECIAL RUM 70CL,£20.00/unit,20.0,£28.57 / 1 ltr,28.57,1,ltr,28.57,l,,
2015-11-12 05:00:25.229916,SAINSBURY,310401,"Whisky, bottle",http://www.sainsburys.co.uk/shop/gb/groceries/drinks/all-whisky,whisky,1.0,ABERLOUR 12 YEAR OLD MALT WHISKY 70CL,£35.00/unit,35.0,£50.00 / 1 ltr,50.0,1,ltr,50.0,l,,
2015-11-12 05:00:25.235147,SAINSBURY,310401,"Whisky, bottle",http://www.sainsburys.co.uk/shop/gb/groceries/drinks/all-whisky,whisky,1.0,ABERLOUR 16 YEAR OLD MALT WHISKY 70CL,£45.00/unit,45.0,£64.29 / 1 ltr,64.29,1,ltr,64.29,l,,
2015-11-12 05:00:25.239224,SAINSBURY,310427,"RUM, WHITE, BOTTLE",http://www.sainsburys.co.uk/shop/gb/groceries/drinks/rum,white rum ,0.5,HAVANA CLUB RUM ANEJO 3 ANOS 700ML,£15.00/unit,15.0,£21.43 / 1 ltr,21.43,1,ltr,21.43,l,Only £15.00: Save £2.00,Only £15.00: Save £2.00
2015-11-12 05:00:25.242487,SAINSBURY,310427,"RUM, WHITE, BOTTLE",http://www.sainsburys.co.uk/shop/gb/groceries/drinks/rum,white rum ,0.5,LAMB'S NAVY RUM 1L,£21.00/unit,21.0,£21.00 / 1 ltr,21.0,1,ltr,21.0,l,,
2015-11-12 05:00:25.245379,SAINSBURY,310427,"RUM, WHITE, BOTTLE",http://www.sainsburys.co.uk/shop/gb/groceries/drinks/rum,white rum ,0.5,LAMB'S NAVY RUM 70CL,£17.00/unit,17.0,£24.29 / 1 ltr,24.29,1,ltr,24.29,l,,
2015-11-12 05:00:25.248162,SAINSBURY,310427,"RUM, WHITE, BOTTLE",http://www.sainsburys.co.uk/shop/gb/groceries/drinks/rum,white rum ,0.5,MALIBU CARIBBEAN RUM WITH COCONUT 1L,£20.00/unit,20.0,£20.00 / 1 ltr,20.0,1,ltr,20.0,l,,
2015-11-12 05:00:25.253255,SAINSBURY,310401,"Whisky, bottle",http://www.sainsburys.co.uk/shop/gb/groceries/drinks/all-whisky,whisky,1.0,ARDBEG 10 YEAR OLD MALT WHISKY 70CL,£45.00/unit,45.0,£64.29 / 1 ltr,64.29,1,ltr,64.29,l,,
2015-11-12 05:00:25.258153,SAINSBURY,310401,"Whisky, bottle",http://www.sainsburys.co.uk/shop/gb/groceries/drinks/all-whisky,whisky,1.0,AUCHENTOSHAN CLASSIC MALT WHISKY 70CL,£26.00/unit,26.0,£37.14 / 1 ltr,37.14,1,ltr,37.14,l,,
2015-11-12 05:00:25.262988,SAINSBURY,310401,"Whisky, bottle",http://www.sainsburys.co.uk/shop/gb/groceries/drinks/all-whisky,whisky,1.0,BALLANTINES FINEST WHISKY 70CL,£15.00/unit,15.0,£21.43 / 1 ltr,21.43,1,ltr,21.43,l,Only £15.00: Save £5.00,Only £15.00: Save £5.00
2015-11-12 05:00:25.266004,SAINSBURY,310427,"RUM, WHITE, BOTTLE",http://www.sainsburys.co.uk/shop/gb/groceries/drinks/rum,white rum ,0.5,MALIBU CARIBBEAN RUM WITH COCONUT 35CL,£8.50/unit,8.5,£24.29 / 1 ltr,24.29,1,ltr,24.29,l,,
2015-11-12 05:00:25.268565,SAINSBURY,310427,"RUM, WHITE, BOTTLE",http://www.sainsburys.co.uk/shop/gb/groceries/drinks/rum,white rum ,0.5,MALIBU CARIBBEAN RUM WITH COCONUT 70CL,£10.00/unit,10.0,£14.29 / 1 ltr,14.29,1,ltr,14.29,l,Only £10.00: Save £5.00,Only £10.00: Save £5.00
2015-11-12 05:00:25.271107,SAINSBURY,310427,"RUM, WHITE, BOTTLE",http://www.sainsburys.co.uk/shop/gb/groceries/drinks/rum,white rum ,0.5,MOUNT GAY 1703 ECLIPSE RUM 70 CL,£17.00/unit,17.0,£24.29 / 1 ltr,24.29,1,ltr,24.29,l,,
2015-11-12 05:00:25.273424,SAINSBURY,310427,"RUM, WHITE, BOTTLE",http://www.sainsburys.co.uk/shop/gb/groceries/drinks/rum,white rum ,0.5,MOUNT GAY 1703 XO RUM 70 CL,£31.00/unit,31.0,£44.28 / 1 ltr,44.28,1,ltr,44.28,l,Only £31.00: Save £3.00,Only £31.00: Save £3.00
2015-11-12 05:00:25.278278,SAINSBURY,310401,"Whisky, bottle",http://www.sainsburys.co.uk/shop/gb/groceries/drinks/all-whisky,whisky,1.0,BALVENIE 12 YEAR OLD DOUBLEWOOD MALT WHISKY 70CL,£35.00/unit,35.0,£50.00 / 1 ltr,50.0,1,ltr,50.0,l,,
2015-11-12 05:00:25.282856,SAINSBURY,310401,"Whisky, bottle",http://www.sainsburys.co.uk/shop/gb/groceries/drinks/all-whisky,whisky,1.0,BALVENIE 14 YEAR OLD CARIBBEAN CASK MALT WHISKY 70CL,£40.00/unit,40.0,£57.14 / 1 ltr,57.14,1,ltr,57.14,l,,
2015-11-12 05:00:25.287334,SAINSBURY,310401,"Whisky, bottle",http://www.sainsburys.co.uk/shop/gb/groceries/drinks/all-whisky,whisky,1.0,BALVENIE 17 YEAR OLD DOUBLEWOOD MALT WHISKY 70CL,£70.00/unit,70.0,£100.00 / 1 ltr,100.0,1,ltr,100.0,l,,
2015-11-12 05:00:25.298063,SAINSBURY,310401,"Whisky, bottle",http://www.sainsburys.co.uk/shop/gb/groceries/drinks/all-whisky,whisky,1.0,BELL'S SCOTCH WHISKY 1L,£22.00/unit,22.0,£22.00 / 1 ltr,22.0,1,ltr,22.0,l,,
2015-11-12 05:00:25.302344,SAINSBURY,310401,"Whisky, bottle",http://www.sainsburys.co.uk/shop/gb/groceries/drinks/all-whisky,whisky,1.0,BELL'S SCOTCH WHISKY 35CL,£9.50/unit,9.5,£27.14 / 1 ltr,27.14,1,ltr,27.14,l,,
2015-11-12 05:00:25.306455,SAINSBURY,310401,"Whisky, bottle",http://www.sainsburys.co.uk/shop/gb/groceries/drinks/all-whisky,whisky,1.0,BELL'S SCOTCH WHISKY 70CL,£17.00/unit,17.0,£24.29 / 1 ltr,24.29,1,ltr,24.29,l,,
2015-11-12 05:00:25.310734,SAINSBURY,310401,"Whisky, bottle",http://www.sainsburys.co.uk/shop/gb/groceries/drinks/all-whisky,whisky,1.0,BOWMORE ISLAY MALT WHISKY 70CL,£25.00/unit,25.0,£35.71 / 1 ltr,35.71,1,ltr,35.71,l,Only £25.00: Save £10.00,Only £25.00: Save £10.00
2015-11-12 05:00:25.314713,SAINSBURY,310401,"Whisky, bottle",http://www.sainsburys.co.uk/shop/gb/groceries/drinks/all-whisky,whisky,0.0,BULLEIT BOURBON FRONTIER WHISKEY 70CL,£27.00/unit,27.0,£38.57 / 1 ltr,38.57,1,ltr,38.57,l,,
2015-11-12 05:00:25.318469,SAINSBURY,310401,"Whisky, bottle",http://www.sainsburys.co.uk/shop/gb/groceries/drinks/all-whisky,whisky,0.0,BUSHMILLS 10 YEAR OLD IRISH MALT WHISKEY 70CL,£35.00/unit,35.0,£50.00 / 1 ltr,50.0,1,ltr,50.0,l,,
2015-11-12 05:00:25.322287,SAINSBURY,310401,"Whisky, bottle",http://www.sainsburys.co.uk/shop/gb/groceries/drinks/all-whisky,whisky,1.0,CHIVAS REGAL 12 YEAR OLD SCOTCH WHISKY 35CL,£14.00/unit,14.0,£40.00 / 1 ltr,40.0,1,ltr,40.0,l,,
2015-11-12 05:00:25.325854,SAINSBURY,310401,"Whisky, bottle",http://www.sainsburys.co.uk/shop/gb/groceries/drinks/all-whisky,whisky,1.0,CHIVAS REGAL 12 YEAR OLD SCOTCH WHISKY 70CL,£20.00/unit,20.0,£28.57 / 1 ltr,28.57,1,ltr,28.57,l,Only £20.00: Save £5.00,Only £20.00: Save £5.00
2015-11-12 05:00:25.329373,SAINSBURY,310401,"Whisky, bottle",http://www.sainsburys.co.uk/shop/gb/groceries/drinks/all-whisky,whisky,1.0,FIREBALL LIQUEUR WITH CINNAMON & WHISKY 50CL,£10.00/unit,10.0,£20.00 / 1 ltr,20.0,1,ltr,20.0,l,Only £10.00: Save £2.00,Only £10.00: Save £2.00
2015-11-12 05:00:25.338893,SAINSBURY,310401,"Whisky, bottle",http://www.sainsburys.co.uk/shop/gb/groceries/drinks/all-whisky,whisky,1.0,GLAYVA WHISKY LIQUEUR 50CL,£18.00/unit,18.0,£36.00 / 1 ltr,36.0,1,ltr,36.0,l,,
2015-11-12 05:00:25.342089,SAINSBURY,310401,"Whisky, bottle",http://www.sainsburys.co.uk/shop/gb/groceries/drinks/all-whisky,whisky,1.0,GLEN MORAY CHARDONNAY CASK MALT WHISKY 70CL,£26.00/unit,26.0,£37.14 / 1 ltr,37.14,1,ltr,37.14,l,,
2015-11-12 05:00:25.345120,SAINSBURY,310401,"Whisky, bottle",http://www.sainsburys.co.uk/shop/gb/groceries/drinks/all-whisky,whisky,1.0,GLEN MORAY MALT WHISKY 70CL,£22.00/unit,22.0,£31.43 / 1 ltr,31.43,1,ltr,31.43,l,,
2015-11-12 05:00:25.348089,SAINSBURY,310401,"Whisky, bottle",http://www.sainsburys.co.uk/shop/gb/groceries/drinks/all-whisky,whisky,1.0,GLEN MORAY PEATED SINGLE MALT WHISKY 70CL,£22.00/unit,22.0,£31.43 / 1 ltr,31.43,1,ltr,31.43,l,,
2015-11-12 05:00:25.352559,SAINSBURY,310401,"Whisky, bottle",http://www.sainsburys.co.uk/shop/gb/groceries/drinks/all-whisky,whisky,1.0,GLENFIDDICH 12 YEAR OLD MALT WHISKY 35CL,£19.00/unit,19.0,£54.29 / 1 ltr,54.29,1,ltr,54.29,l,,
2015-11-12 05:00:25.355264,SAINSBURY,310401,"Whisky, bottle",http://www.sainsburys.co.uk/shop/gb/groceries/drinks/all-whisky,whisky,1.0,GLENFIDDICH 12 YEAR OLD MALT WHISKY 70CL,£35.00/unit,35.0,£50.00 / 1 ltr,50.0,1,ltr,50.0,l,,
2015-11-12 05:00:25.357883,SAINSBURY,310401,"Whisky, bottle",http://www.sainsburys.co.uk/shop/gb/groceries/drinks/all-whisky,whisky,1.0,GLENFIDDICH 14 YEAR OLD RICH OAK MALT WHISKY  70CL,£35.00/unit,35.0,£50.00 / 1 ltr,50.0,1,ltr,50.0,l,,
2015-11-12 05:00:25.360352,SAINSBURY,310401,"Whisky, bottle",http://www.sainsburys.co.uk/shop/gb/groceries/drinks/all-whisky,whisky,1.0,GLENFIDDICH 15 YEAR OLD DISTILLERY EDITION MALT WHISKY 70CL,£40.00/unit,40.0,£57.15 / 1 ltr,57.15,1,ltr,57.15,l,Only £40.00: Save £5.00,Only £40.00: Save £5.00
2015-11-12 05:00:25.378844,SAINSBURY,310401,"Whisky, bottle",http://www.sainsburys.co.uk/shop/gb/groceries/drinks/all-whisky,whisky,1.0,GLENFIDDICH 15 YEAR OLD MALT WHISKY 70CL,£40.00/unit,40.0,£57.14 / 1 ltr,57.14,1,ltr,57.14,l,,
2015-11-12 05:00:25.392614,SAINSBURY,310419,"White Wine, European, bottle",http://www.sainsburys.co.uk/shop/gb/groceries/drinks/white-wine,white wine,0.0,35 SOUTH LATITUDE CHARDONNAY SEMILLON 75CL,£5.00/unit,5.0,£5.00 / 75cl,5.0,75,cl,6.6667,l,Only £5.00: Save £1.50,Only £5.00: Save £1.50
2015-11-12 05:00:25.398133,SAINSBURY,310419,"White Wine, European, bottle",http://www.sainsburys.co.uk/shop/gb/groceries/drinks/white-wine,white wine,0.0,ANGOVE LONG ROW SAUVIGNON BLANC 75CL,£8.00/unit,8.0,£8.00 / 75cl,8.0,75,cl,10.6667,l,Buy any 2 for £12.00,Buy any 2 for £12.00
2015-11-12 05:00:25.403822,SAINSBURY,310419,"White Wine, European, bottle",http://www.sainsburys.co.uk/shop/gb/groceries/drinks/white-wine,white wine,0.0,ANTICO PALAZZO CHARDONNAY 75CL,£6.50/unit,6.5,£6.50 / 75cl,6.5,75,cl,8.6667,l,Buy any 2 for £10.00,Buy any 2 for £10.00
2015-11-12 05:00:25.409205,SAINSBURY,310419,"White Wine, European, bottle",http://www.sainsburys.co.uk/shop/gb/groceries/drinks/white-wine,white wine,0.0,ASCHERI GAVI DI GAVI 75CL,£14.00/unit,14.0,£14.00 / 75cl,14.0,75,cl,18.6667,l,,
2015-11-12 05:00:25.414490,SAINSBURY,310419,"White Wine, European, bottle",http://www.sainsburys.co.uk/shop/gb/groceries/drinks/white-wine,white wine,0.0,BANROCK STATION COLOMBARD CHARDONNAY 2.25L,£16.00/unit,16.0,£5.33 / 75cl,5.33,75,cl,7.1067,l,,
2015-11-12 05:00:25.419534,SAINSBURY,310419,"White Wine, European, bottle",http://www.sainsburys.co.uk/shop/gb/groceries/drinks/white-wine,white wine,0.0,BANROCK STATION COLOMBARD CHARDONNAY 75CL,£5.00/unit,5.0,£5.00 / 75cl,5.0,75,cl,6.6667,l,Only £5.00: Save £1.50,Only £5.00: Save £1.50
2015-11-12 05:00:25.424732,SAINSBURY,310419,"White Wine, European, bottle",http://www.sainsburys.co.uk/shop/gb/groceries/drinks/white-wine,white wine,0.0,BANROCK STATION SAUVIGNON BLANC 75CL,£5.50/unit,5.5,£5.50 / 75cl,5.5,75,cl,7.3333,l,,
2015-11-12 05:00:25.429549,SAINSBURY,310419,"White Wine, European, bottle",http://www.sainsburys.co.uk/shop/gb/groceries/drinks/white-wine,white wine,0.0,BAREFOOT PINOT GRIGIO 75CL,£7.00/unit,7.0,£7.00 / 75cl,7.0,75,cl,9.3333,l,,
2015-11-12 05:00:25.434185,SAINSBURY,310419,"White Wine, European, bottle",http://www.sainsburys.co.uk/shop/gb/groceries/drinks/white-wine,white wine,0.5,BAREFOOT REFRESH CRISP WHITE 75CL,£5.25/unit,5.25,£5.25 / 75cl,5.25,75,cl,7.0,l,Only £5.25: Save £1.75,Only £5.25: Save £1.75
2015-11-12 05:00:25.438945,SAINSBURY,310419,"White Wine, European, bottle",http://www.sainsburys.co.uk/shop/gb/groceries/drinks/white-wine,white wine,0.0,BAREFOOT SAUVIGNON BLANC 75CL,£7.00/unit,7.0,£7.00 / 75cl,7.0,75,cl,9.3333,l,,
2015-11-12 05:00:25.443443,SAINSBURY,310419,"White Wine, European, bottle",http://www.sainsburys.co.uk/shop/gb/groceries/drinks/white-wine,white wine,0.0,"BARON HERZOG CHENIN BLANC, CALIFORNIAN, KOSHER 75CL",£10.00/unit,10.0,£10.00 / 75cl,10.0,75,cl,13.3333,l,,
2015-11-12 05:00:25.447745,SAINSBURY,310419,"White Wine, European, bottle",http://www.sainsburys.co.uk/shop/gb/groceries/drinks/white-wine,white wine,0.0,BARRAMUNDI CHARDONNAY 75CL,£6.00/unit,6.0,£6.00 / 75cl,6.0,75,cl,8.0,l,Only £6.00: Save £2.00,Only £6.00: Save £2.00
2015-11-12 05:00:25.452176,SAINSBURY,310419,"White Wine, European, bottle",http://www.sainsburys.co.uk/shop/gb/groceries/drinks/white-wine,white wine,0.0,BERGERAC GRANDE RESERVE SAUVIGNON BLANC SEMILLON 75CL,£7.00/unit,7.0,£7.00 / 75cl,7.0,75,cl,9.3333,l,,
2015-11-12 05:00:25.456244,SAINSBURY,310419,"White Wine, European, bottle",http://www.sainsburys.co.uk/shop/gb/groceries/drinks/white-wine,white wine,0.5,BLACK TOWER WHITE 75CL,£5.00/unit,5.0,£5.00 / 75cl,5.0,75,cl,6.6667,l,,
2015-11-12 05:00:25.460196,SAINSBURY,310419,"White Wine, European, bottle",http://www.sainsburys.co.uk/shop/gb/groceries/drinks/white-wine,white wine,0.0,BLASON DE BOURGOGNE CHABLIS 75CL,£10.00/unit,10.0,£10.00 / 75cl,10.0,75,cl,13.3333,l,Only £10.00: Save £3.00,Only £10.00: Save £3.00
2015-11-12 05:00:25.464350,SAINSBURY,310419,"White Wine, European, bottle",http://www.sainsburys.co.uk/shop/gb/groceries/drinks/white-wine,white wine,0.0,BLASON DE BOURGOGNE MONTAGNY 75CL,£10.00/unit,10.0,£10.00 / 75cl,10.0,75,cl,13.3333,l,,
2015-11-12 05:00:25.468036,SAINSBURY,310419,"White Wine, European, bottle",http://www.sainsburys.co.uk/shop/gb/groceries/drinks/white-wine,white wine,0.0,BLASON DE BOURGOGNE ST VÉRAN 75CL,£9.00/unit,9.0,£9.00 / 75cl,9.0,75,cl,12.0,l,,
2015-11-12 05:00:25.471813,SAINSBURY,310419,"White Wine, European, bottle",http://www.sainsburys.co.uk/shop/gb/groceries/drinks/white-wine,white wine,0.5,BLOSSOM HILL VIE WHITE 75CL,£4.00/unit,4.0,£4.00 / 75cl,4.0,75,cl,5.3333,l,Only £4.00: Save £1.00,Only £4.00: Save £1.00
2015-11-12 05:00:25.475455,SAINSBURY,310419,"White Wine, European, bottle",http://www.sainsburys.co.uk/shop/gb/groceries/drinks/white-wine,white wine,0.5,BLOSSOM HILL WHITE 75CL,£5.00/unit,5.0,£5.00 / 75cl,5.0,75,cl,6.6667,l,,
2015-11-12 05:00:25.478843,SAINSBURY,310419,"White Wine, European, bottle",http://www.sainsburys.co.uk/shop/gb/groceries/drinks/white-wine,white wine,0.5,BLUE NUN MEDIUM WHITE 75CL,£5.50/unit,5.5,£5.50 / 75cl,5.5,75,cl,7.3333,l,,
2015-11-12 05:00:25.482084,SAINSBURY,310419,"White Wine, European, bottle",http://www.sainsburys.co.uk/shop/gb/groceries/drinks/white-wine,white wine,0.0,BOSCHENDAL JEAN GARDE CHARDONNAY 75CL,£8.00/unit,8.0,£8.00 / 75cl,8.0,75,cl,10.6667,l,,
2015-11-12 05:00:25.485377,SAINSBURY,310419,"White Wine, European, bottle",http://www.sainsburys.co.uk/shop/gb/groceries/drinks/white-wine,white wine,0.0,BRANCOTT ESTATE PINOT GRIGIO 75CL,£9.00/unit,9.0,£9.00 / 75cl,9.0,75,cl,12.0,l,,
2015-11-12 05:00:25.488414,SAINSBURY,310419,"White Wine, European, bottle",http://www.sainsburys.co.uk/shop/gb/groceries/drinks/white-wine,white wine,0.0,BRANCOTT ESTATE SAUVIGNON BLANC 18.7CL,£2.50/unit,2.5,£10.03 / 75cl,10.03,75,cl,13.3733,l,,
2015-11-12 05:00:25.491221,SAINSBURY,310419,"White Wine, European, bottle",http://www.sainsburys.co.uk/shop/gb/groceries/drinks/white-wine,white wine,0.0,BRANCOTT ESTATE SAUVIGNON BLANC 75CL,£9.00/unit,9.0,£9.00 / 75cl,9.0,75,cl,12.0,l,,
2015-11-12 05:00:25.493999,SAINSBURY,310419,"White Wine, European, bottle",http://www.sainsburys.co.uk/shop/gb/groceries/drinks/white-wine,white wine,0.0,BRANCOTT ESTATE SAUVIGNON GRIS 75CL,£6.75/unit,6.75,£6.75 / 75cl,6.75,75,cl,9.0,l,Only £6.75: Save £2.25,Only £6.75: Save £2.25
2015-11-12 05:00:25.496928,SAINSBURY,310419,"White Wine, European, bottle",http://www.sainsburys.co.uk/shop/gb/groceries/drinks/white-wine,white wine,0.0,CALVET ALSACE PINOT BLANC 75CL,£8.00/unit,8.0,£8.00 / 75cl,8.0,75,cl,10.6667,l,,
2015-11-12 05:00:25.499428,SAINSBURY,310419,"White Wine, European, bottle",http://www.sainsburys.co.uk/shop/gb/groceries/drinks/white-wine,white wine,0.0,CAPE NELSON SEMILLON CHARDONNAY 75CL,£6.00/unit,6.0,£6.00 / 75cl,6.0,75,cl,8.0,l,,
2015-11-12 05:00:25.501803,SAINSBURY,310419,"White Wine, European, bottle",http://www.sainsburys.co.uk/shop/gb/groceries/drinks/white-wine,white wine,0.0,CASILLERO DEL DIABLO CHARDONNAY 75CL,£6.00/unit,6.0,£6.00 / 75cl,6.0,75,cl,8.0,l,Only £6.00: Save £2.00,Only £6.00: Save £2.00
2015-11-12 05:00:25.728338,SAINSBURY,310403,"Vodka, bottle",http://www.sainsburys.co.uk/shop/gb/groceries/drinks/vodka,vodka,1.0,ABSOLUT CHERRYS VODKA 70CL,£15.00/unit,15.0,£21.43 / 1 ltr,21.43,1,ltr,21.43,l,Only £15.00: Save £5.00,Only £15.00: Save £5.00
2015-11-12 05:00:25.733652,SAINSBURY,310403,"Vodka, bottle",http://www.sainsburys.co.uk/shop/gb/groceries/drinks/vodka,vodka,1.0,ABSOLUT CITRON VODKA 70CL,£15.00/unit,15.0,£21.43 / 1 ltr,21.43,1,ltr,21.43,l,Only £15.00: Save £5.00,Only £15.00: Save £5.00
2015-11-12 05:00:25.739347,SAINSBURY,310403,"Vodka, bottle",http://www.sainsburys.co.uk/shop/gb/groceries/drinks/vodka,vodka,1.0,ABSOLUT MANGO VODKA 70CL,£15.00/unit,15.0,£21.43 / 1 ltr,21.43,1,ltr,21.43,l,Only £15.00: Save £5.00,Only £15.00: Save £5.00
2015-11-12 05:00:25.744426,SAINSBURY,310403,"Vodka, bottle",http://www.sainsburys.co.uk/shop/gb/groceries/drinks/vodka,vodka,1.0,ABSOLUT RASPBERRI VODKA 70CL,£15.00/unit,15.0,£21.43 / 1 ltr,21.43,1,ltr,21.43,l,Only £15.00: Save £5.00,Only £15.00: Save £5.00
2015-11-12 05:00:25.754845,SAINSBURY,310403,"Vodka, bottle",http://www.sainsburys.co.uk/shop/gb/groceries/drinks/vodka,vodka,1.0,ABSOLUT VANILLA VODKA 70CL,£15.00/unit,15.0,£21.43 / 1 ltr,21.43,1,ltr,21.43,l,Only £15.00: Save £5.00,Only £15.00: Save £5.00
2015-11-12 05:00:25.759716,SAINSBURY,310403,"Vodka, bottle",http://www.sainsburys.co.uk/shop/gb/groceries/drinks/vodka,vodka,1.0,ABSOLUT VODKA 1L,£20.00/unit,20.0,£20.00 / 1 ltr,20.0,1,ltr,20.0,l,Only £20.00: Save £4.00,Only £20.00: Save £4.00
2015-11-12 05:00:25.764421,SAINSBURY,310403,"Vodka, bottle",http://www.sainsburys.co.uk/shop/gb/groceries/drinks/vodka,vodka,1.0,ABSOLUT VODKA 35CL,£10.50/unit,10.5,£30.00 / 1 ltr,30.0,1,ltr,30.0,l,,
2015-11-12 05:00:25.775559,SAINSBURY,310403,"Vodka, bottle",http://www.sainsburys.co.uk/shop/gb/groceries/drinks/vodka,vodka,1.0,ABSOLUT VODKA 70CL,£20.00/unit,20.0,£28.57 / 1 ltr,28.57,1,ltr,28.57,l,,
2015-11-12 05:00:25.779895,SAINSBURY,310403,"Vodka, bottle",http://www.sainsburys.co.uk/shop/gb/groceries/drinks/vodka,vodka,1.0,BELVEDERE PINK GRAPEFRUIT VODKA 70CL,£38.00/unit,38.0,£54.29 / 1 ltr,54.29,1,ltr,54.29,l,,
2015-11-12 05:00:25.784152,SAINSBURY,310403,"Vodka, bottle",http://www.sainsburys.co.uk/shop/gb/groceries/drinks/vodka,vodka,1.0,BELVEDERE VODKA 70CL,£38.00/unit,38.0,£54.29 / 1 ltr,54.29,1,ltr,54.29,l,,
2015-11-12 05:00:25.803813,SAINSBURY,310403,"Vodka, bottle",http://www.sainsburys.co.uk/shop/gb/groceries/drinks/vodka,vodka,1.0,FINLANDIA VODKA CLASSIC 70CL,£16.00/unit,16.0,£22.86 / 1 ltr,22.86,1,ltr,22.86,l,,
2015-11-12 05:00:25.807836,SAINSBURY,310403,"Vodka, bottle",http://www.sainsburys.co.uk/shop/gb/groceries/drinks/vodka,vodka,1.0,GLEN'S VODKA 1L,£17.00/unit,17.0,£17.00 / 1 ltr,17.0,1,ltr,17.0,l,,
2015-11-12 05:00:25.811732,SAINSBURY,310403,"Vodka, bottle",http://www.sainsburys.co.uk/shop/gb/groceries/drinks/vodka,vodka,1.0,GLEN'S VODKA 70CL,£14.00/unit,14.0,£20.00 / 1 ltr,20.0,1,ltr,20.0,l,,
2015-11-12 05:00:25.817636,SAINSBURY,210113,"Wholemeal Sliced Loaf, branded",http://www.sainsburys.co.uk/shop/gb/groceries/bakery/wholemeal-brown-bread,wholemeal sliced,1.0,"ALLINSON WHOLEMEAL BATCH BREAD, MEDIUM SLICED 800G",£1.50/unit,1.5,£0.19 / 100g,0.19,100,g,1.9,kg,,
2015-11-12 05:00:25.822681,SAINSBURY,210113,"Wholemeal Sliced Loaf, branded",http://www.sainsburys.co.uk/shop/gb/groceries/bakery/wholemeal-brown-bread,wholemeal sliced,0.5,ALLINSON WHOLEMEAL BREAD 400G,£0.80/unit,0.8,£0.20 / 100g,0.2,100,g,2.0,kg,,
2015-11-12 05:00:25.839686,SAINSBURY,310403,"Vodka, bottle",http://www.sainsburys.co.uk/shop/gb/groceries/drinks/vodka,vodka,1.0,GREEN MARK VODKA 1L,£15.00/unit,15.0,£15.00 / 1 ltr,15.0,1,ltr,15.0,l,Only £15.00: Save £5.00,Only £15.00: Save £5.00
2015-11-12 05:00:25.843404,SAINSBURY,310403,"Vodka, bottle",http://www.sainsburys.co.uk/shop/gb/groceries/drinks/vodka,vodka,1.0,GREEN MARK VODKA 70CL,£16.00/unit,16.0,£22.86 / 1 ltr,22.86,1,ltr,22.86,l,,
2015-11-12 05:00:25.846928,SAINSBURY,310403,"Vodka, bottle",http://www.sainsburys.co.uk/shop/gb/groceries/drinks/vodka,vodka,1.0,GREY GOOSE VODKA 70CL,£38.00/unit,38.0,£54.29 / 1 ltr,54.29,1,ltr,54.29,l,,
2015-11-12 05:00:25.851869,SAINSBURY,210113,"Wholemeal Sliced Loaf, branded",http://www.sainsburys.co.uk/shop/gb/groceries/bakery/wholemeal-brown-bread,wholemeal sliced,0.0,HI-LO LOAF,£1.70/unit,1.7,£0.43 / 100g,0.43,100,g,4.3,kg,,
2015-11-12 05:00:25.856723,SAINSBURY,210113,"Wholemeal Sliced Loaf, branded",http://www.sainsburys.co.uk/shop/gb/groceries/bakery/wholemeal-brown-bread,wholemeal sliced,0.5,HOVIS FARMERS WHOLEMEAL BREAD 800G,£1.40/unit,1.4,£0.18 / 100g,0.18,100,g,1.8,kg,,
2015-11-12 05:00:25.861479,SAINSBURY,210113,"Wholemeal Sliced Loaf, branded",http://www.sainsburys.co.uk/shop/gb/groceries/bakery/wholemeal-brown-bread,wholemeal sliced,1.0,"HOVIS GOOD INSIDE WHOLEMEAL BREAD, MEDIUM SLICED 800G",£1.45/unit,1.45,£0.18 / 100g,0.18,100,g,1.8,kg,,
2015-11-12 05:00:25.867980,SAINSBURY,211901,"Tea bags, per packet of 80, 250g",http://www.sainsburys.co.uk/shop/gb/groceries/drinks/everyday-tea,80 250g,0.0,CAFÉDIRECT EVERYDAY TEA BAGS FAIRTRADE X80,£2.60/unit,2.6,£1.04 / 100g,1.04,100,g,10.4,kg,,
2015-11-12 05:00:25.873032,SAINSBURY,211901,"Tea bags, per packet of 80, 250g",http://www.sainsburys.co.uk/shop/gb/groceries/drinks/everyday-tea,80 250g,0.0,CLIPPER ENGLISH BREAKFAST X40,£2.20/unit,2.2,£1.76 / 100g,1.76,100,g,17.6,kg,,
2015-11-12 05:00:25.878051,SAINSBURY,310403,"Vodka, bottle",http://www.sainsburys.co.uk/shop/gb/groceries/drinks/vodka,vodka,1.0,NEW AMSTERDAM VODKA 70CL,£16.00/unit,16.0,£22.86 / 1 ltr,22.86,1,ltr,22.86,l,,
2015-11-12 05:00:25.881379,SAINSBURY,310403,"Vodka, bottle",http://www.sainsburys.co.uk/shop/gb/groceries/drinks/vodka,vodka,0.0,ODDKA SALTED CARAMEL POPCORN 50CL,£9.50/unit,9.5,£19.00 / 1 ltr,19.0,1,ltr,19.0,l,,
2015-11-12 05:00:25.884618,SAINSBURY,310403,"Vodka, bottle",http://www.sainsburys.co.uk/shop/gb/groceries/drinks/vodka,vodka,0.0,ODDKA STRAWBERRY MILKSHAKE 50CL,£9.50/unit,9.5,£19.00 / 1 ltr,19.0,1,ltr,19.0,l,,
2015-11-12 05:00:25.889172,SAINSBURY,210113,"Wholemeal Sliced Loaf, branded",http://www.sainsburys.co.uk/shop/gb/groceries/bakery/wholemeal-brown-bread,wholemeal sliced,1.0,"HOVIS GOOD INSIDE WHOLEMEAL BREAD, THICK SLICED 800G",£1.45/unit,1.45,£0.18 / 100g,0.18,100,g,1.8,kg,,
2015-11-12 05:00:25.893644,SAINSBURY,210113,"Wholemeal Sliced Loaf, branded",http://www.sainsburys.co.uk/shop/gb/groceries/bakery/wholemeal-brown-bread,wholemeal sliced,0.5,HOVIS NIMBLE WHOLEMEAL BREAD 400G,£0.75/unit,0.75,£0.19 / 100g,0.19,100,g,1.9,kg,,
2015-11-12 05:00:25.898073,SAINSBURY,210113,"Wholemeal Sliced Loaf, branded",http://www.sainsburys.co.uk/shop/gb/groceries/bakery/wholemeal-brown-bread,wholemeal sliced,0.0,HOVIS SEED SENSATIONS SOFT GRANARY 800G,£1.45/unit,1.45,£0.18 / 100g,0.18,100,g,1.8,kg,,
2015-11-12 05:00:25.902800,SAINSBURY,211901,"Tea bags, per packet of 80, 250g",http://www.sainsburys.co.uk/shop/gb/groceries/drinks/everyday-tea,80 250g,0.0,CLIPPER EVERYDAY TEA BAGS DECAFFEINATED ORGANIC X40,£2.20/unit,2.2,£1.76 / 100g,1.76,100,g,17.6,kg,,
2015-11-12 05:00:25.907447,SAINSBURY,211901,"Tea bags, per packet of 80, 250g",http://www.sainsburys.co.uk/shop/gb/groceries/drinks/everyday-tea,80 250g,0.0,CLIPPER EVERYDAY TEA BAGS ORGANIC X80,£2.60/unit,2.6,£1.04 / 100g,1.04,100,g,10.4,kg,,
2015-11-12 05:00:25.912040,SAINSBURY,211901,"Tea bags, per packet of 80, 250g",http://www.sainsburys.co.uk/shop/gb/groceries/drinks/everyday-tea,80 250g,0.0,CLIPPER FAIRTRADE BIG BREAKFAST TEA BAGS X80,£3.00/unit,3.0,£1.20 / 100g,1.2,100,g,12.0,kg,,
2015-11-12 05:00:25.915210,SAINSBURY,310403,"Vodka, bottle",http://www.sainsburys.co.uk/shop/gb/groceries/drinks/vodka,vodka,0.0,ODDKA TWISTED MELON 50CL,£9.50/unit,9.5,£19.00 / 1 ltr,19.0,1,ltr,19.0,l,,
2015-11-12 05:00:25.918190,SAINSBURY,310403,"Vodka, bottle",http://www.sainsburys.co.uk/shop/gb/groceries/drinks/vodka,vodka,1.0,PINKY VODKA WITH NATURAL FLAVOURS 70CL,£20.00/unit,20.0,£28.57 / 1 ltr,28.57,1,ltr,28.57,l,,
2015-11-12 05:00:25.921085,SAINSBURY,310403,"Vodka, bottle",http://www.sainsburys.co.uk/shop/gb/groceries/drinks/vodka,vodka,0.0,RUSSIAN STANDARD PLATINUM 70CL,£22.00/unit,22.0,£31.43 / 1 ltr,31.43,1,ltr,31.43,l,,
2015-11-12 05:00:25.923876,SAINSBURY,310403,"Vodka, bottle",http://www.sainsburys.co.uk/shop/gb/groceries/drinks/vodka,vodka,1.0,RUSSIAN STANDARD VODKA 1L,£20.00/unit,20.0,£20.00 / 1 ltr,20.0,1,ltr,20.0,l,,
2015-11-12 05:00:25.928149,SAINSBURY,210113,"Wholemeal Sliced Loaf, branded",http://www.sainsburys.co.uk/shop/gb/groceries/bakery/wholemeal-brown-bread,wholemeal sliced,0.0,HOVIS SOFT GRANARY BATCH BREAD 400G,£0.85/unit,0.85,£0.21 / 100g,0.21,100,g,2.1,kg,,
2015-11-12 05:00:25.932397,SAINSBURY,210113,"Wholemeal Sliced Loaf, branded",http://www.sainsburys.co.uk/shop/gb/groceries/bakery/wholemeal-brown-bread,wholemeal sliced,0.0,HOVIS WHEATGERM BREAD 400G,£0.75/unit,0.75,£0.19 / 100g,0.19,100,g,1.9,kg,,
2015-11-12 05:00:25.936414,SAINSBURY,210113,"Wholemeal Sliced Loaf, branded",http://www.sainsburys.co.uk/shop/gb/groceries/bakery/wholemeal-brown-bread,wholemeal sliced,0.5,HOVIS WHOLEMEAL BREAD 400G,£0.60/unit,0.6,£0.15 / 100g,0.15,100,g,1.5,kg,,
2015-11-12 05:00:25.940870,SAINSBURY,211901,"Tea bags, per packet of 80, 250g",http://www.sainsburys.co.uk/shop/gb/groceries/drinks/everyday-tea,80 250g,0.0,PG TIPS DECAF PYRAMID TEA BAGS X160 500G,£4.50/unit,4.5,£0.90 / 100g,0.9,100,g,9.0,kg,,
2015-11-12 05:00:25.945244,SAINSBURY,211901,"Tea bags, per packet of 80, 250g",http://www.sainsburys.co.uk/shop/gb/groceries/drinks/everyday-tea,80 250g,0.5,PG TIPS DECAF PYRAMID TEA BAGS X80 250G,£2.30/unit,2.3,£0.92 / 100g,0.92,100,g,9.2,kg,,
2015-11-12 05:00:25.949501,SAINSBURY,211901,"Tea bags, per packet of 80, 250g",http://www.sainsburys.co.uk/shop/gb/groceries/drinks/everyday-tea,80 250g,0.0,PG TIPS GOLD TEA BAGS 80'S 232G,£3.00/unit,3.0,£1.29 / 100g,1.29,100,g,12.9,kg,,
2015-11-12 05:00:25.952848,SAINSBURY,310403,"Vodka, bottle",http://www.sainsburys.co.uk/shop/gb/groceries/drinks/vodka,vodka,1.0,RUSSIAN STANDARD VODKA 35CL,£9.00/unit,9.0,£25.71 / 1 ltr,25.71,1,ltr,25.71,l,,
2015-11-12 05:00:25.955403,SAINSBURY,310403,"Vodka, bottle",http://www.sainsburys.co.uk/shop/gb/groceries/drinks/vodka,vodka,1.0,RUSSIAN STANDARD VODKA 70CL,£10.00/unit,10.0,£14.29 / 1 ltr,14.29,1,ltr,14.29,l,Only £10.00: Save £6.00,Only £10.00: Save £6.00
2015-11-12 05:00:25.958006,SAINSBURY,310403,"Vodka, bottle",http://www.sainsburys.co.uk/shop/gb/groceries/drinks/vodka,vodka,1.0,SAINSBURY'S VODKA 1.5L,£21.00/unit,21.0,£14.00 / 1 ltr,14.0,1,ltr,14.0,l,,
2015-11-12 05:00:25.960339,SAINSBURY,310403,"Vodka, bottle",http://www.sainsburys.co.uk/shop/gb/groceries/drinks/vodka,vodka,1.0,SAINSBURY'S VODKA 1L,£14.75/unit,14.75,£14.75 / 1 ltr,14.75,1,ltr,14.75,l,,
2015-11-12 05:00:25.964315,SAINSBURY,210113,"Wholemeal Sliced Loaf, branded",http://www.sainsburys.co.uk/shop/gb/groceries/bakery/wholemeal-brown-bread,wholemeal sliced,1.0,"HOVIS WHOLEMEAL BREAD, MEDIUM SLICED 800G",£1.00/unit,1.0,£0.13 / 100g,0.13,100,g,1.3,kg,,
2015-11-12 05:00:25.968245,SAINSBURY,210113,"Wholemeal Sliced Loaf, branded",http://www.sainsburys.co.uk/shop/gb/groceries/bakery/wholemeal-brown-bread,wholemeal sliced,1.0,"HOVIS WHOLEMEAL BREAD, THICK SLICED 800G",£1.00/unit,1.0,£0.13 / 100g,0.13,100,g,1.3,kg,,
2015-11-12 05:00:25.972027,SAINSBURY,210113,"Wholemeal Sliced Loaf, branded",http://www.sainsburys.co.uk/shop/gb/groceries/bakery/wholemeal-brown-bread,wholemeal sliced,1.0,"KINGSMILL GREAT EVERYDAY WHOLEMEAL BREAD, MEDIUM SLICED 800G",£1.00/unit,1.0,£0.13 / 100g,0.13,100,g,1.3,kg,,
2015-11-12 05:00:25.976324,SAINSBURY,211901,"Tea bags, per packet of 80, 250g",http://www.sainsburys.co.uk/shop/gb/groceries/drinks/everyday-tea,80 250g,0.5,PG TIPS LOOSE EVERYDAY TEA 250G (80 CUPS),£1.80/unit,1.8,£0.72 / 100g,0.72,100,g,7.2,kg,,
2015-11-12 05:00:25.980482,SAINSBURY,211901,"Tea bags, per packet of 80, 250g",http://www.sainsburys.co.uk/shop/gb/groceries/drinks/everyday-tea,80 250g,0.0,PG TIPS PYRAMID TEA BAGS X160 464G,£3.00/unit,3.0,£0.65 / 100ea,0.65,100,ea,0.0065,each,Only £3.00: Save £1.00,Only £3.00: Save £1.00
2015-11-12 05:00:25.984528,SAINSBURY,211901,"Tea bags, per packet of 80, 250g",http://www.sainsburys.co.uk/shop/gb/groceries/drinks/everyday-tea,80 250g,0.0,PG TIPS PYRAMID TEA BAGS X240 696G,£5.00/unit,5.0,£0.72 / 100g,0.72,100,g,7.2,kg,,
2015-11-12 05:00:25.986966,SAINSBURY,310403,"Vodka, bottle",http://www.sainsburys.co.uk/shop/gb/groceries/drinks/vodka,vodka,1.0,SAINSBURY'S VODKA 35CL,£6.00/unit,6.0,£17.14 / 1 ltr,17.14,1,ltr,17.14,l,,
2015-11-12 05:00:25.996226,SAINSBURY,210113,"Wholemeal Sliced Loaf, branded",http://www.sainsburys.co.uk/shop/gb/groceries/bakery/wholemeal-brown-bread,wholemeal sliced,0.5,KINGSMILL TASTY WHOLEMEAL BREAD 400G,£0.75/unit,0.75,£0.19 / 100g,0.19,100,g,1.9,kg,,
2015-11-12 05:00:25.999735,SAINSBURY,210113,"Wholemeal Sliced Loaf, branded",http://www.sainsburys.co.uk/shop/gb/groceries/bakery/wholemeal-brown-bread,wholemeal sliced,0.5,"KINGSMILL TASTY WHOLEMEAL BREAD, LITTLE BIG LOAF 470G",£0.75/unit,0.75,£0.16 / 100g,0.16,100,g,1.6,kg,,
2015-11-12 05:00:26.003138,SAINSBURY,210113,"Wholemeal Sliced Loaf, branded",http://www.sainsburys.co.uk/shop/gb/groceries/bakery/wholemeal-brown-bread,wholemeal sliced,1.0,"KINGSMILL TASTY WHOLEMEAL BREAD, THICK SLICED 800G",£1.00/unit,1.0,£0.13 / 100g,0.13,100,g,1.3,kg,,
2015-11-12 05:00:26.006992,SAINSBURY,211901,"Tea bags, per packet of 80, 250g",http://www.sainsburys.co.uk/shop/gb/groceries/drinks/everyday-tea,80 250g,0.0,PG TIPS PYRAMID TEA BAGS X40 125G,£1.30/unit,1.3,£1.12 / 100g,1.12,100,g,11.2,kg,,
2015-11-12 05:00:26.010665,SAINSBURY,211901,"Tea bags, per packet of 80, 250g",http://www.sainsburys.co.uk/shop/gb/groceries/drinks/everyday-tea,80 250g,0.0,PG TIPS PYRAMID TEA BAGS X80 232G,£2.30/unit,2.3,£0.99 / 100g,0.99,100,g,9.9,kg,,
2015-11-12 05:00:26.014225,SAINSBURY,211901,"Tea bags, per packet of 80, 250g",http://www.sainsburys.co.uk/shop/gb/groceries/drinks/everyday-tea,80 250g,0.0,PG TIPS STRONG PYRAMID TEA BAGS X80 232G,£2.60/unit,2.6,£1.12 / 100g,1.12,100,g,11.2,kg,,
2015-11-12 05:00:26.023222,SAINSBURY,210113,"Wholemeal Sliced Loaf, branded",http://www.sainsburys.co.uk/shop/gb/groceries/bakery/wholemeal-brown-bread,wholemeal sliced,1.0,"SAINSBURY'S FRESH FOR LONGER WHOLEMEAL BREAD, MEDIUM SLICED 800G",£0.45/unit,0.45,£0.06 / 100g,0.06,100,g,0.6,kg,,
2015-11-12 05:00:26.026494,SAINSBURY,210113,"Wholemeal Sliced Loaf, branded",http://www.sainsburys.co.uk/shop/gb/groceries/bakery/wholemeal-brown-bread,wholemeal sliced,0.5,"SAINSBURY'S MEDIUM WHOLEMEAL BREAD, BASICS 800G",£0.40/unit,0.4,£0.05 / 100g,0.05,100,g,0.5,kg,,
2015-11-12 05:00:26.029678,SAINSBURY,210113,"Wholemeal Sliced Loaf, branded",http://www.sainsburys.co.uk/shop/gb/groceries/bakery/wholemeal-brown-bread,wholemeal sliced,0.5,"SAINSBURY'S MULTISEEDED WHOLEMEAL BREAD, SO ORGANIC 400G",£1.00/unit,1.0,£0.25 / 100g,0.25,100,g,2.5,kg,,
2015-11-12 05:00:26.032828,SAINSBURY,210113,"Wholemeal Sliced Loaf, branded",http://www.sainsburys.co.uk/shop/gb/groceries/bakery/wholemeal-brown-bread,wholemeal sliced,0.5,"SAINSBURY'S SOFT WHOLEMEAL FARMHOUSE BREAD, TASTE THE DIFFERENCE 800G",£1.30/unit,1.3,£0.16 / 100g,0.16,100,g,1.6,kg,,
2015-11-12 05:00:26.036522,SAINSBURY,211901,"Tea bags, per packet of 80, 250g",http://www.sainsburys.co.uk/shop/gb/groceries/drinks/everyday-tea,80 250g,0.0,PG TIPS TEA GRANULES 40G (80 CUPS),£2.70/unit,2.7,£6.75 / 100g,6.75,100,g,67.5,kg,,
2015-11-12 05:00:26.040062,SAINSBURY,211901,"Tea bags, per packet of 80, 250g",http://www.sainsburys.co.uk/shop/gb/groceries/drinks/everyday-tea,80 250g,0.0,SAINSBURY'S ASSAM LOOSE TEA TASTE THE DIFFERENCE 125G,£1.50/unit,1.5,£1.20 / 100g,1.2,100,g,12.0,kg,,
2015-11-12 05:00:26.043381,SAINSBURY,211901,"Tea bags, per packet of 80, 250g",http://www.sainsburys.co.uk/shop/gb/groceries/drinks/everyday-tea,80 250g,0.0,SAINSBURY'S ASSAM TEA BAGS TASTE THE DIFFERENCE X40,£1.50/unit,1.5,£1.20 / 100g,1.2,100,g,12.0,kg,,
2015-11-12 05:00:26.048030,SAINSBURY,210113,"Wholemeal Sliced Loaf, branded",http://www.sainsburys.co.uk/shop/gb/groceries/bakery/wholemeal-brown-bread,wholemeal sliced,0.5,"SAINSBURY'S WHOLEMEAL BLOOMER, TASTE THE DIFFERENCE 400G",£1.15/unit,1.15,£0.29 / 100g,0.29,100,g,2.9,kg,,
2015-11-12 05:00:26.050898,SAINSBURY,210113,"Wholemeal Sliced Loaf, branded",http://www.sainsburys.co.uk/shop/gb/groceries/bakery/wholemeal-brown-bread,wholemeal sliced,1.0,"SAINSBURY'S WHOLEMEAL BREAD, MEDIUM SLICED 800G",£0.45/unit,0.45,£0.06 / 100g,0.06,100,g,0.6,kg,,
2015-11-12 05:00:26.053698,SAINSBURY,210113,"Wholemeal Sliced Loaf, branded",http://www.sainsburys.co.uk/shop/gb/groceries/bakery/wholemeal-brown-bread,wholemeal sliced,0.5,"SAINSBURY'S WHOLEMEAL BREAD, SO ORGANIC 400G",£0.85/unit,0.85,£0.21 / 100g,0.21,100,g,2.1,kg,,
2015-11-12 05:00:26.056573,SAINSBURY,210113,"Wholemeal Sliced Loaf, branded",http://www.sainsburys.co.uk/shop/gb/groceries/bakery/wholemeal-brown-bread,wholemeal sliced,0.5,"SAINSBURY'S WHOLEMEAL BREAD, SO ORGANIC 800G",£1.20/unit,1.2,£0.15 / 100g,0.15,100,g,1.5,kg,,
2015-11-12 05:00:26.060559,SAINSBURY,211901,"Tea bags, per packet of 80, 250g",http://www.sainsburys.co.uk/shop/gb/groceries/drinks/everyday-tea,80 250g,0.0,SAINSBURY'S ASSAM TEA BAGS TASTE THE DIFFERENCE X80,£2.00/unit,2.0,£0.80 / 100g,0.8,100,g,8.0,kg,Only £2.00: Save 30p,Only £2.00: Save 30p
2015-11-12 05:00:26.063883,SAINSBURY,211901,"Tea bags, per packet of 80, 250g",http://www.sainsburys.co.uk/shop/gb/groceries/drinks/everyday-tea,80 250g,0.0,SAINSBURY'S ENGLISH BREAKFAST LOOSE TEA TASTE THE DIFFERENCE 125G,£1.50/unit,1.5,£1.20 / 100g,1.2,100,g,12.0,kg,,
2015-11-12 05:00:26.066969,SAINSBURY,211901,"Tea bags, per packet of 80, 250g",http://www.sainsburys.co.uk/shop/gb/groceries/drinks/everyday-tea,80 250g,0.0,SAINSBURY'S ENGLISH BREAKFAST TEA BAGS TASTE THE DIFFERENCE X40,£1.50/unit,1.5,£1.20 / 100g,1.2,100,g,12.0,kg,,
2015-11-12 05:00:26.069960,SAINSBURY,211901,"Tea bags, per packet of 80, 250g",http://www.sainsburys.co.uk/shop/gb/groceries/drinks/everyday-tea,80 250g,0.0,SAINSBURY'S ENGLISH BREAKFAST TEA BAGS TASTE THE DIFFERENCE X80,£2.00/unit,2.0,£0.80 / 100g,0.8,100,g,8.0,kg,Only £2.00: Save 30p,Only £2.00: Save 30p
2015-11-12 05:00:26.088219,SAINSBURY,210113,"Wholemeal Sliced Loaf, branded",http://www.sainsburys.co.uk/shop/gb/groceries/bakery/wholemeal-brown-bread,wholemeal sliced,1.0,"SAINSBURY'S WHOLEMEAL BREAD, THICK SLICED 800G",£0.45/unit,0.45,£0.06 / 100g,0.06,100,g,0.6,kg,,
2015-11-12 05:00:26.090566,SAINSBURY,210113,"Wholemeal Sliced Loaf, branded",http://www.sainsburys.co.uk/shop/gb/groceries/bakery/wholemeal-brown-bread,wholemeal sliced,0.5,VOGEL WHOLEMEAL & OAT BREAD 800G,£1.50/unit,1.5,£0.19 / 100g,0.19,100,g,1.9,kg,,
2015-11-12 05:00:26.092909,SAINSBURY,210113,"Wholemeal Sliced Loaf, branded",http://www.sainsburys.co.uk/shop/gb/groceries/bakery/wholemeal-brown-bread,wholemeal sliced,0.0,WARBURTONS BROWN FARMHOUSE 800G,£1.45/unit,1.45,£0.18 / 100g,0.18,100,g,1.8,kg,,
2015-11-12 05:00:26.098499,SAINSBURY,211901,"Tea bags, per packet of 80, 250g",http://www.sainsburys.co.uk/shop/gb/groceries/drinks/everyday-tea,80 250g,0.0,SAINSBURY'S EVERYDAY TEA BAGS SO ORGANIC X80,£1.75/unit,1.75,£0.70 / 100g,0.7,100,g,7.0,kg,,
2015-11-12 05:00:26.101279,SAINSBURY,211901,"Tea bags, per packet of 80, 250g",http://www.sainsburys.co.uk/shop/gb/groceries/drinks/everyday-tea,80 250g,0.0,SAINSBURY'S EXTRA STRONG TEA TEABAGS X80,£1.50/unit,1.5,£0.60 / 100g,0.6,100,g,6.0,kg,,
2015-11-12 05:00:26.103901,SAINSBURY,211901,"Tea bags, per packet of 80, 250g",http://www.sainsburys.co.uk/shop/gb/groceries/drinks/everyday-tea,80 250g,0.0,SAINSBURY'S FAIRTRADE PACKET TEA SO ORGANIC 125G,£1.50/unit,1.5,£1.20 / 100g,1.2,100,g,12.0,kg,,
2015-11-12 05:00:26.106396,SAINSBURY,211901,"Tea bags, per packet of 80, 250g",http://www.sainsburys.co.uk/shop/gb/groceries/drinks/everyday-tea,80 250g,0.5,SAINSBURY'S GOLD LABEL LOOSE TEA FAIRTRADE 250G,£1.75/unit,1.75,£0.70 / 100g,0.7,100,g,7.0,kg,,
2015-11-12 05:00:26.114049,SAINSBURY,210111,"White Sliced Loaf, branded",http://www.sainsburys.co.uk/shop/gb/groceries/bakery/white-bread,sliced ,1.0,"HOVIS GOOD INSIDE WHITE BREAD, MEDIUM SLICED 800G",£1.45/unit,1.45,£0.18 / 100g,0.18,100,g,1.8,kg,,
2015-11-12 05:00:26.119349,SAINSBURY,210111,"White Sliced Loaf, branded",http://www.sainsburys.co.uk/shop/gb/groceries/bakery/white-bread,sliced ,1.0,"HOVIS GOOD INSIDE WHITE BREAD, THICK SLICED 800G",£1.45/unit,1.45,£0.18 / 100g,0.18,100,g,1.8,kg,,
2015-11-12 05:00:26.124580,SAINSBURY,211901,"Tea bags, per packet of 80, 250g",http://www.sainsburys.co.uk/shop/gb/groceries/drinks/everyday-tea,80 250g,0.0,SAINSBURY'S GOLD LABEL TEA BAGS FAIRTRADE X160,£3.00/unit,3.0,£0.60 / 100g,0.6,100,g,6.0,kg,,
2015-11-12 05:00:26.126884,SAINSBURY,211901,"Tea bags, per packet of 80, 250g",http://www.sainsburys.co.uk/shop/gb/groceries/drinks/everyday-tea,80 250g,0.0,SAINSBURY'S GOLD LABEL TEA BAGS FAIRTRADE X80,£1.75/unit,1.75,£0.70 / 100g,0.7,100,g,7.0,kg,,
2015-11-12 05:00:26.129091,SAINSBURY,211901,"Tea bags, per packet of 80, 250g",http://www.sainsburys.co.uk/shop/gb/groceries/drinks/everyday-tea,80 250g,0.0,SAINSBURY'S GREEN BLEND TEA BAGS X80,£2.00/unit,2.0,£0.80 / 100g,0.8,100,g,8.0,kg,,
2015-11-12 05:00:26.137201,SAINSBURY,210111,"White Sliced Loaf, branded",http://www.sainsburys.co.uk/shop/gb/groceries/bakery/white-bread,sliced ,0.0,"HOVIS SOFT WHITE BREAD, DOORSTEP 800G",£1.00/unit,1.0,£0.13 / 100g,0.13,100,g,1.3,kg,,
2015-11-12 05:00:26.142397,SAINSBURY,210111,"White Sliced Loaf, branded",http://www.sainsburys.co.uk/shop/gb/groceries/bakery/white-bread,sliced ,1.0,"HOVIS SOFT WHITE BREAD, MEDIUM SLICED 400G",£0.60/unit,0.6,£0.15 / 100g,0.15,100,g,1.5,kg,,
2015-11-12 05:00:26.150916,SAINSBURY,210111,"White Sliced Loaf, branded",http://www.sainsburys.co.uk/shop/gb/groceries/bakery/white-bread,sliced ,1.0,"HOVIS SOFT WHITE BREAD, MEDIUM SLICED 800G",£1.00/unit,1.0,£0.13 / 100g,0.13,100,g,1.3,kg,,
2015-11-12 05:00:26.155756,SAINSBURY,210111,"White Sliced Loaf, branded",http://www.sainsburys.co.uk/shop/gb/groceries/bakery/white-bread,sliced ,1.0,"HOVIS SOFT WHITE BREAD, THICK SLICED 800G",£1.00/unit,1.0,£0.13 / 100g,0.13,100,g,1.3,kg,,
2015-11-12 05:00:26.160699,SAINSBURY,210111,"White Sliced Loaf, branded",http://www.sainsburys.co.uk/shop/gb/groceries/bakery/white-bread,sliced ,0.0,"KINGSMILL GREAT EVERYDAY WHITE BREAD, LITTLE BIG LOAF 470G",£0.75/unit,0.75,£0.16 / 100g,0.16,100,g,1.6,kg,,
2015-11-12 05:00:26.165305,SAINSBURY,210111,"White Sliced Loaf, branded",http://www.sainsburys.co.uk/shop/gb/groceries/bakery/white-bread,sliced ,0.0,KINGSMILL SOFT WHITE BREAD 400G,£0.75/unit,0.75,£0.19 / 100g,0.19,100,g,1.9,kg,,
2015-11-12 05:00:26.169788,SAINSBURY,210111,"White Sliced Loaf, branded",http://www.sainsburys.co.uk/shop/gb/groceries/bakery/white-bread,sliced ,1.0,"KINGSMILL SOFT WHITE BREAD, MEDIUM SLICED 800G",£1.00/unit,1.0,£0.13 / 100g,0.13,100,g,1.3,kg,,
2015-11-12 05:00:26.174243,SAINSBURY,210111,"White Sliced Loaf, branded",http://www.sainsburys.co.uk/shop/gb/groceries/bakery/white-bread,sliced ,1.0,"KINGSMILL SOFT WHITE BREAD, THICK SLICED 800G",£1.00/unit,1.0,£0.13 / 100g,0.13,100,g,1.3,kg,,
2015-11-12 05:00:26.178427,SAINSBURY,210111,"White Sliced Loaf, branded",http://www.sainsburys.co.uk/shop/gb/groceries/bakery/white-bread,sliced ,0.0,"KINGSMILL WHITE BREAD, NO CRUSTS 400G",£1.20/unit,1.2,£0.30 / 100g,0.3,100,g,3.0,kg,,
2015-11-12 05:00:26.182485,SAINSBURY,210111,"White Sliced Loaf, branded",http://www.sainsburys.co.uk/shop/gb/groceries/bakery/white-bread,sliced ,0.0,KINGSMILL WHITE FARMHOUSE BREAD 800G,£1.25/unit,1.25,£0.16 / 100g,0.16,100,g,1.6,kg,Only £1.25: Save 10p,Only £1.25: Save 10p
2015-11-12 05:00:26.186629,SAINSBURY,210111,"White Sliced Loaf, branded",http://www.sainsburys.co.uk/shop/gb/groceries/bakery/white-bread,sliced ,1.0,"SAINSBURY'S FRESH FOR LONGER WHITE BREAD, MEDIUM SLICED 800G",£0.45/unit,0.45,£0.06 / 100g,0.06,100,g,0.6,kg,,
2015-11-12 05:00:26.190668,SAINSBURY,210111,"White Sliced Loaf, branded",http://www.sainsburys.co.uk/shop/gb/groceries/bakery/white-bread,sliced ,0.0,"SAINSBURY'S SOFT WHITE FARMHOUSE BREAD, TASTE THE DIFFERENCE 800G",£1.30/unit,1.3,£0.16 / 100g,0.16,100,g,1.6,kg,,
2015-11-12 05:00:26.194581,SAINSBURY,210111,"White Sliced Loaf, branded",http://www.sainsburys.co.uk/shop/gb/groceries/bakery/white-bread,sliced ,0.0,SAINSBURY'S WHITE BLOOMER 400G,£0.75/unit,0.75,£0.19 / 100g,0.19,100,g,1.9,kg,,
2015-11-12 05:00:26.198281,SAINSBURY,210111,"White Sliced Loaf, branded",http://www.sainsburys.co.uk/shop/gb/groceries/bakery/white-bread,sliced ,0.0,SAINSBURY'S WHITE BLOOMER 800G,£1.00/unit,1.0,£0.13 / 100g,0.13,100,g,1.3,kg,,
2015-11-12 05:00:26.201843,SAINSBURY,210111,"White Sliced Loaf, branded",http://www.sainsburys.co.uk/shop/gb/groceries/bakery/white-bread,sliced ,1.0,"SAINSBURY'S WHITE BREAD, MEDIUM SLICED 800G",£0.45/unit,0.45,£0.06 / 100g,0.06,100,g,0.6,kg,,
2015-11-12 05:00:26.205246,SAINSBURY,210111,"White Sliced Loaf, branded",http://www.sainsburys.co.uk/shop/gb/groceries/bakery/white-bread,sliced ,0.0,SAINSBURY'S WHITE POPPY SEED BLOOMER 400G,£0.75/unit,0.75,£0.19 / 100g,0.19,100,g,1.9,kg,,
2015-11-12 05:00:26.214322,SAINSBURY,210111,"White Sliced Loaf, branded",http://www.sainsburys.co.uk/shop/gb/groceries/bakery/white-bread,sliced ,0.0,SAINSBURY'S WHITE POPPY SEED BLOOMER 800G,£1.00/unit,1.0,£0.13 / 100g,0.13,100,g,1.3,kg,,
2015-11-12 05:00:26.217539,SAINSBURY,210111,"White Sliced Loaf, branded",http://www.sainsburys.co.uk/shop/gb/groceries/bakery/white-bread,sliced ,0.0,SAINSBURY'S WHITE SESAME SEED BLOOMER 400G,£0.75/unit,0.75,£0.19 / 100g,0.19,100,g,1.9,kg,,
2015-11-12 05:00:26.220646,SAINSBURY,210111,"White Sliced Loaf, branded",http://www.sainsburys.co.uk/shop/gb/groceries/bakery/white-bread,sliced ,0.0,SAINSBURY'S WHITE SESAME SEED BLOOMER 800G,£1.00/unit,1.0,£0.13 / 100g,0.13,100,g,1.3,kg,,
2015-11-12 05:00:26.223658,SAINSBURY,210111,"White Sliced Loaf, branded",http://www.sainsburys.co.uk/shop/gb/groceries/bakery/white-bread,sliced ,1.0,"SAINSBURY'S WHITE SLICED BREAD, BASICS 800G",£0.40/unit,0.4,£0.05 / 100g,0.05,100,g,0.5,kg,,
2015-11-12 05:00:26.228095,SAINSBURY,210111,"White Sliced Loaf, branded",http://www.sainsburys.co.uk/shop/gb/groceries/bakery/white-bread,sliced ,1.0,"SAINSBURY'S WHITE SLICED BREAD, THICK SLICED 800G",£0.45/unit,0.45,£0.06 / 100g,0.06,100,g,0.6,kg,,
2015-11-12 05:00:26.230904,SAINSBURY,210111,"White Sliced Loaf, branded",http://www.sainsburys.co.uk/shop/gb/groceries/bakery/white-bread,sliced ,1.0,"SAINSBURY'S WHITE TOASTIE BREAD, EXTRA THICK SLICED 800G",£0.45/unit,0.45,£0.06 / 100g,0.06,100,g,0.6,kg,,
2015-11-12 05:00:26.233623,SAINSBURY,210111,"White Sliced Loaf, branded",http://www.sainsburys.co.uk/shop/gb/groceries/bakery/white-bread,sliced ,0.0,UDI'S GLUTEN FREE SOFT & DELICIOUS TIGER BLOOMER 400G,£2.50/unit,2.5,£0.63 / 100g,0.63,100,g,6.3,kg,,
2015-11-12 05:00:26.236426,SAINSBURY,210111,"White Sliced Loaf, branded",http://www.sainsburys.co.uk/shop/gb/groceries/bakery/white-bread,sliced ,0.0,WARBURTONS BLACKPOOL MILK ROLL 400G,£0.85/unit,0.85,£0.21 / 100g,0.21,100,g,2.1,kg,,
2015-11-12 05:00:26.259193,SAINSBURY,210111,"White Sliced Loaf, branded",http://www.sainsburys.co.uk/shop/gb/groceries/bakery/white-bread,sliced ,0.0,WARBURTONS CRUSTY WHITE BREAD 400G,£0.80/unit,0.8,£0.20 / 100g,0.2,100,g,2.0,kg,,
2015-11-12 05:00:26.261516,SAINSBURY,210111,"White Sliced Loaf, branded",http://www.sainsburys.co.uk/shop/gb/groceries/bakery/white-bread,sliced ,1.0,"WARBURTONS DANISH WHITE BREAD, SLICED 400G",£0.80/unit,0.8,£0.20 / 100g,0.2,100,g,2.0,kg,,
2015-11-12 05:00:26.274256,SAINSBURY,211814,"Yoghurt, small individual",http://www.sainsburys.co.uk/shop/gb/groceries/dairy-eggs-chilled/corners-everyday-yogurts,yogurt single,0.5,FAGE TOTAL 0% FAT GREEK YOGURT SPLITPOT WITH HONEY 170G,£1.00/unit,1.0,£0.59 / 100g,0.59,100,g,5.9,kg,,
2015-11-12 05:00:26.279484,SAINSBURY,211814,"Yoghurt, small individual",http://www.sainsburys.co.uk/shop/gb/groceries/dairy-eggs-chilled/corners-everyday-yogurts,yogurt single,0.5,IRISH YOGURT CREAMIER LIVE YOGURT 4X125G,£1.50/unit,1.5,£0.30 / 100g,0.3,100,g,3.0,kg,,
2015-11-12 05:00:26.286053,SAINSBURY,211814,"Yoghurt, small individual",http://www.sainsburys.co.uk/shop/gb/groceries/dairy-eggs-chilled/corners-everyday-yogurts,yogurt single,0.5,MÜLLER BLISS LEMON YOGURT 4X110G,£2.50/unit,2.5,£0.57 / 100g,0.57,100,g,5.7,kg,,
2015-11-12 05:00:26.291107,SAINSBURY,211814,"Yoghurt, small individual",http://www.sainsburys.co.uk/shop/gb/groceries/dairy-eggs-chilled/corners-everyday-yogurts,yogurt single,0.5,MÜLLER BLISS RASPBERRY YOGURT 4X110G,£2.50/unit,2.5,£0.57 / 100g,0.57,100,g,5.7,kg,,
2015-11-12 05:00:26.299792,SAINSBURY,211814,"Yoghurt, small individual",http://www.sainsburys.co.uk/shop/gb/groceries/dairy-eggs-chilled/corners-everyday-yogurts,yogurt single,0.5,MÜLLER BLISS STRAWBERRY YOGURT 4X110G,£2.50/unit,2.5,£0.57 / 100g,0.57,100,g,5.7,kg,,
2015-11-12 05:00:26.304674,SAINSBURY,211814,"Yoghurt, small individual",http://www.sainsburys.co.uk/shop/gb/groceries/dairy-eggs-chilled/corners-everyday-yogurts,yogurt single,0.5,MÜLLER CORNER LTD EDITION YOGURT 6X135G,£2.00/unit,2.0,£0.25 / 100g,0.25,100,g,2.5,kg,Only £2.00: Save £1.00,Only £2.00: Save £1.00
2015-11-12 05:00:26.309481,SAINSBURY,211814,"Yoghurt, small individual",http://www.sainsburys.co.uk/shop/gb/groceries/dairy-eggs-chilled/corners-everyday-yogurts,yogurt single,0.0,MÜLLER CORNER RED FRUITS 6X150G,£2.00/unit,2.0,£0.22 / 100g,0.22,100,g,2.2,kg,Only £2.00: Save £1.00,Only £2.00: Save £1.00
2015-11-12 05:00:26.314392,SAINSBURY,211814,"Yoghurt, small individual",http://www.sainsburys.co.uk/shop/gb/groceries/dairy-eggs-chilled/corners-everyday-yogurts,yogurt single,0.5,"MÜLLER CORNER SICILIAN LEMON, LTD EDITION YOGURT 150G",£0.70/unit,0.7,£0.52 / 100g,0.52,100,g,5.2,kg,Buy any 6 for £3.00,Buy any 6 for £3.00
2015-11-12 05:00:26.319021,SAINSBURY,211814,"Yoghurt, small individual",http://www.sainsburys.co.uk/shop/gb/groceries/dairy-eggs-chilled/corners-everyday-yogurts,yogurt single,0.5,MÜLLER CRUNCH CORNER BANANA CHOCOLATE FLAKES YOGURT 135G,£0.70/unit,0.7,£0.52 / 100g,0.52,100,g,5.2,kg,Buy any 6 for £3.00,Buy any 6 for £3.00
2015-11-12 05:00:26.323581,SAINSBURY,211814,"Yoghurt, small individual",http://www.sainsburys.co.uk/shop/gb/groceries/dairy-eggs-chilled/corners-everyday-yogurts,yogurt single,0.5,MÜLLER CRUNCH CORNER BISCUIT YOGURT 6X135G,£2.00/unit,2.0,£0.25 / 100g,0.25,100,g,2.5,kg,Only £2.00: Save £1.00,Only £2.00: Save £1.00
2015-11-12 05:00:26.328018,SAINSBURY,211814,"Yoghurt, small individual",http://www.sainsburys.co.uk/shop/gb/groceries/dairy-eggs-chilled/corners-everyday-yogurts,yogurt single,0.5,MÜLLER CRUNCH CORNER MILK CHOCOLATE DIGESTIVE YOGURT 135G,£0.70/unit,0.7,£70.00 / 100g,70.0,100,g,700.0,kg,Buy any 6 for £3.00,Buy any 6 for £3.00
2015-11-12 05:00:26.332368,SAINSBURY,211814,"Yoghurt, small individual",http://www.sainsburys.co.uk/shop/gb/groceries/dairy-eggs-chilled/corners-everyday-yogurts,yogurt single,0.0,"MÜLLER CRUNCH CORNER RASPBERRY CHEESECAKE, LTD EDITION 150G",£0.70/unit,0.7,£0.52 / 100g,0.52,100,g,5.2,kg,Buy any 6 for £3.00,Buy any 6 for £3.00
2015-11-12 05:00:26.336486,SAINSBURY,211814,"Yoghurt, small individual",http://www.sainsburys.co.uk/shop/gb/groceries/dairy-eggs-chilled/corners-everyday-yogurts,yogurt single,0.5,MÜLLER CRUNCH CORNER STRAWBERRY SHORTCAKE YOGURT 135G,£0.70/unit,0.7,£0.52 / 100g,0.52,100,g,5.2,kg,Buy any 6 for £3.00,Buy any 6 for £3.00
2015-11-12 05:00:26.340581,SAINSBURY,211814,"Yoghurt, small individual",http://www.sainsburys.co.uk/shop/gb/groceries/dairy-eggs-chilled/corners-everyday-yogurts,yogurt single,0.5,MÜLLER CRUNCH CORNER TOFFEE HOOPS YOGURT 135G,£0.70/unit,0.7,£0.52 / 100g,0.52,100,g,5.2,kg,Buy any 6 for £3.00,Buy any 6 for £3.00
2015-11-12 05:00:26.344505,SAINSBURY,211814,"Yoghurt, small individual",http://www.sainsburys.co.uk/shop/gb/groceries/dairy-eggs-chilled/corners-everyday-yogurts,yogurt single,0.5,MÜLLER CRUNCH CORNER VANILLA CHOCOLATE BALLS YOGURT 135G,£0.70/unit,0.7,£0.52 / 100ml,0.52,100,ml,5.2,l,Buy any 6 for £3.00,Buy any 6 for £3.00
2015-11-12 05:00:26.348278,SAINSBURY,211814,"Yoghurt, small individual",http://www.sainsburys.co.uk/shop/gb/groceries/dairy-eggs-chilled/corners-everyday-yogurts,yogurt single,0.5,MÜLLER CRUNCH CORNER YOGURT 6X135G,£2.00/unit,2.0,£0.25 / 100g,0.25,100,g,2.5,kg,Only £2.00: Save £1.00,Only £2.00: Save £1.00
2015-11-12 05:00:26.351931,SAINSBURY,211814,"Yoghurt, small individual",http://www.sainsburys.co.uk/shop/gb/groceries/dairy-eggs-chilled/corners-everyday-yogurts,yogurt single,0.5,MÜLLER FRUIT CORNER BLACKBERRY & RASPBERRY YOGURT 150G,£0.70/unit,0.7,£0.47 / 100g,0.47,100,g,4.7,kg,Buy any 6 for £3.00,Buy any 6 for £3.00
2015-11-12 05:00:26.355388,SAINSBURY,211814,"Yoghurt, small individual",http://www.sainsburys.co.uk/shop/gb/groceries/dairy-eggs-chilled/corners-everyday-yogurts,yogurt single,0.5,MÜLLER FRUIT CORNER BLUEBERRY YOGURT 150G,£0.70/unit,0.7,£0.47 / 100g,0.47,100,g,4.7,kg,Buy any 6 for £3.00,Buy any 6 for £3.00
2015-11-12 05:00:26.358724,SAINSBURY,211814,"Yoghurt, small individual",http://www.sainsburys.co.uk/shop/gb/groceries/dairy-eggs-chilled/corners-everyday-yogurts,yogurt single,0.5,MÜLLER FRUIT CORNER CHERRY YOGURT 150G,£0.70/unit,0.7,£0.47 / 100g,0.47,100,g,4.7,kg,Buy any 6 for £3.00,Buy any 6 for £3.00
2015-11-12 05:00:26.362028,SAINSBURY,211814,"Yoghurt, small individual",http://www.sainsburys.co.uk/shop/gb/groceries/dairy-eggs-chilled/corners-everyday-yogurts,yogurt single,0.5,MÜLLER FRUIT CORNER PEACH & APRICOT YOGURT 150G,£0.70/unit,0.7,£0.47 / 100g,0.47,100,g,4.7,kg,Buy any 6 for £3.00,Buy any 6 for £3.00
2015-11-12 05:00:26.365167,SAINSBURY,211814,"Yoghurt, small individual",http://www.sainsburys.co.uk/shop/gb/groceries/dairy-eggs-chilled/corners-everyday-yogurts,yogurt single,0.5,MÜLLER FRUIT CORNER STRAWBERRY YOGURT 150G,£0.70/unit,0.7,£0.47 / 100g,0.47,100,g,4.7,kg,Buy any 6 for £3.00,Buy any 6 for £3.00
2015-11-12 05:00:26.368160,SAINSBURY,211814,"Yoghurt, small individual",http://www.sainsburys.co.uk/shop/gb/groceries/dairy-eggs-chilled/corners-everyday-yogurts,yogurt single,0.5,MÜLLER FRUIT CORNER YOGURT 6X150G,£2.00/unit,2.0,£0.22 / 100g,0.22,100,g,2.2,kg,Only £2.00: Save £1.00,Only £2.00: Save £1.00
2015-11-12 05:00:26.371056,SAINSBURY,211814,"Yoghurt, small individual",http://www.sainsburys.co.uk/shop/gb/groceries/dairy-eggs-chilled/corners-everyday-yogurts,yogurt single,0.0,MÜLLER LIGHT CHOCOLATE & TOFFEE CORNERS 4X107G,£2.50/unit,2.5,£0.58 / 100g,0.58,100,g,5.8,kg,,
2015-11-12 05:00:26.373779,SAINSBURY,211814,"Yoghurt, small individual",http://www.sainsburys.co.uk/shop/gb/groceries/dairy-eggs-chilled/corners-everyday-yogurts,yogurt single,0.0,MÜLLER LIGHT LEMON MERINGUE CORNERS 4X107G,£2.50/unit,2.5,£0.58 / 100g,0.58,100,g,5.8,kg,,
2015-11-12 05:00:26.376395,SAINSBURY,211814,"Yoghurt, small individual",http://www.sainsburys.co.uk/shop/gb/groceries/dairy-eggs-chilled/corners-everyday-yogurts,yogurt single,0.0,MÜLLER LIGHT STRAWBERRY & WHITE CHOCOLATE CORNERS 4X107G,£2.50/unit,2.5,£0.58 / 100g,0.58,100,g,5.8,kg,,
2015-11-12 05:00:26.378845,SAINSBURY,211814,"Yoghurt, small individual",http://www.sainsburys.co.uk/shop/gb/groceries/dairy-eggs-chilled/corners-everyday-yogurts,yogurt single,0.5,RACHELS LUSCIOUS MULTIPACK YOGURT 4X110G,£2.00/unit,2.0,£0.45 / 100g,0.45,100,g,4.5,kg,,
2015-11-12 05:00:26.381293,SAINSBURY,211814,"Yoghurt, small individual",http://www.sainsburys.co.uk/shop/gb/groceries/dairy-eggs-chilled/corners-everyday-yogurts,yogurt single,0.5,RACHELS LUSCIOUS PEACH & MANGO YOGURT 4X110G,£2.00/unit,2.0,£0.45 / 100g,0.45,100,g,4.5,kg,,
2015-11-12 05:00:26.383560,SAINSBURY,211814,"Yoghurt, small individual",http://www.sainsburys.co.uk/shop/gb/groceries/dairy-eggs-chilled/corners-everyday-yogurts,yogurt single,0.5,RACHELS LUSCIOUS VANILLA YOGURT 4X110G,£2.00/unit,2.0,£0.45 / 100g,0.45,100,g,4.5,kg,,
2015-11-12 05:00:26.613137,SAINSBURY,212719,"Bananas, per kg",http://www.sainsburys.co.uk/shop/gb/groceries/fresh-fruit-veg/bananas-grapes,bananas ,0.0,"SAINSBURY'S BLACK SABLE GRAPES, TASTE THE DIFFERENCE 400G",£2.50/unit,2.5,£6.25 / 1 ea,6.25,1,ea,6.25,each,,
2015-11-12 05:00:26.617316,SAINSBURY,212719,"Bananas, per kg",http://www.sainsburys.co.uk/shop/gb/groceries/fresh-fruit-veg/bananas-grapes,bananas ,1.0,SAINSBURY'S FAIRTRADE BANANAS X5,£0.80/unit,0.8,£0.16 / 1 ea,0.16,1,ea,0.16,each,,
2015-11-12 05:00:26.621064,SAINSBURY,212719,"Bananas, per kg",http://www.sainsburys.co.uk/shop/gb/groceries/fresh-fruit-veg/bananas-grapes,bananas ,1.0,SAINSBURY'S FAIRTRADE BANANAS X8,£1.25/unit,1.25,£0.16 / 1 kg,0.16,1,kg,0.16,kg,,
2015-11-12 05:00:26.624675,SAINSBURY,212719,"Bananas, per kg",http://www.sainsburys.co.uk/shop/gb/groceries/fresh-fruit-veg/bananas-grapes,bananas ,0.0,"SAINSBURY'S FAIRTRADE BANANAS, SO ORGANIC",£1.20/kg,1.2,£1.20 / 1 kg,1.2,1,kg,1.2,kg,,
2015-11-12 05:00:26.628232,SAINSBURY,212719,"Bananas, per kg",http://www.sainsburys.co.uk/shop/gb/groceries/fresh-fruit-veg/bananas-grapes,bananas ,0.0,SAINSBURY'S GRAPE BAG 80G,£0.50/unit,0.5,£6.25 / 1 kg,6.25,1,kg,6.25,kg,Meal Deal for £3.00,Meal Deal for £3.00
2015-11-12 05:00:26.631652,SAINSBURY,212719,"Bananas, per kg",http://www.sainsburys.co.uk/shop/gb/groceries/fresh-fruit-veg/bananas-grapes,bananas ,0.0,"SAINSBURY'S GRAPES, BASICS 500G (GREEN OR RED, COLOUR MAY VARY DUE TO SUPPLY)",£1.25/unit,1.25,£2.50 / 1 ml,2.5,1,ml,2500.0,l,,
2015-11-12 05:00:26.634852,SAINSBURY,212719,"Bananas, per kg",http://www.sainsburys.co.uk/shop/gb/groceries/fresh-fruit-veg/bananas-grapes,bananas ,1.0,SAINSBURY'S LOOSE FAIRTRADE BANANAS,£0.68/kg,0.68,£0.68 / 1 kg,0.68,1,kg,0.68,kg,,
2015-11-12 05:00:26.637888,SAINSBURY,212719,"Bananas, per kg",http://www.sainsburys.co.uk/shop/gb/groceries/fresh-fruit-veg/bananas-grapes,bananas ,0.0,SAINSBURY'S RED & WHITE SEEDLESS GRAPES 500G,£2.25/unit,2.25,£4.50 / 1 kg,4.5,1,kg,4.5,kg,,
2015-11-12 05:00:26.640811,SAINSBURY,212719,"Bananas, per kg",http://www.sainsburys.co.uk/shop/gb/groceries/fresh-fruit-veg/bananas-grapes,bananas ,0.0,SAINSBURY'S RED GRAPES 170G,£1.00/unit,1.0,£5.88 / 1 kg,5.88,1,kg,5.88,kg,,
2015-11-12 05:00:26.643581,SAINSBURY,212719,"Bananas, per kg",http://www.sainsburys.co.uk/shop/gb/groceries/fresh-fruit-veg/bananas-grapes,bananas ,0.0,SAINSBURY'S RED SEEDLESS GRAPES (APPROX. 600G),£4.00/kg,4.0,£4.00 / 1 kg,4.0,1,kg,4.0,kg,,
2015-11-12 05:00:26.646241,SAINSBURY,212719,"Bananas, per kg",http://www.sainsburys.co.uk/shop/gb/groceries/fresh-fruit-veg/bananas-grapes,bananas ,0.0,SAINSBURY'S RED SEEDLESS GRAPES 500G,£2.00/unit,2.0,£4.00 / 1 ea,4.0,1,ea,4.0,each,,
2015-11-12 05:00:26.648855,SAINSBURY,212719,"Bananas, per kg",http://www.sainsburys.co.uk/shop/gb/groceries/fresh-fruit-veg/bananas-grapes,bananas ,0.0,SAINSBURY'S SEEDED GRAPES 500G,£1.20/unit,1.2,£2.40 / 1 kg,2.4,1,kg,2.4,kg,,
2015-11-12 05:00:26.651289,SAINSBURY,212719,"Bananas, per kg",http://www.sainsburys.co.uk/shop/gb/groceries/fresh-fruit-veg/bananas-grapes,bananas ,0.0,"SAINSBURY'S SMALL BANANAS, FAIRTRADE X8",£1.05/unit,1.05,£0.13 / 1 kg,0.13,1,kg,0.13,kg,,
2015-11-12 05:00:26.653573,SAINSBURY,212719,"Bananas, per kg",http://www.sainsburys.co.uk/shop/gb/groceries/fresh-fruit-veg/bananas-grapes,bananas ,0.0,SAINSBURY'S WHITE SEEDLESS GRAPES (APPROX. 600G),£4.00/kg,4.0,£4.00 / 1 kg,4.0,1,kg,4.0,kg,,
2015-11-12 05:00:26.655608,SAINSBURY,212719,"Bananas, per kg",http://www.sainsburys.co.uk/shop/gb/groceries/fresh-fruit-veg/bananas-grapes,bananas ,0.0,SAINSBURY'S WHITE SEEDLESS GRAPES 170G,£1.00/unit,1.0,£5.88 / 1 ea,5.88,1,ea,5.88,each,,
2015-11-12 05:00:26.795864,SAINSBURY,211807,Yoghurt/Fromage Frais,http://www.sainsburys.co.uk/shop/gb/groceries/dairy-eggs-chilled/kids-yogurts,fromage frais ,0.0,ACTIMEL YOGURT DRINK KIDS STRAWBERRY & RASPBERRY 6X100G,£1.50/unit,1.5,£0.25 / 100g,0.25,100,g,2.5,kg,Only £1.50: Save 50p,Only £1.50: Save 50p
2015-11-12 05:00:26.801224,SAINSBURY,211807,Yoghurt/Fromage Frais,http://www.sainsburys.co.uk/shop/gb/groceries/dairy-eggs-chilled/kids-yogurts,fromage frais ,0.0,ACTIMEL YOGURT DRINK KIDS STRAWBERRY & VANILLA YOGURT 6X100G,£1.50/unit,1.5,£0.25 / 100g,0.25,100,g,2.5,kg,Only £1.50: Save 50p,Only £1.50: Save 50p
2015-11-12 05:00:26.807005,SAINSBURY,211807,Yoghurt/Fromage Frais,http://www.sainsburys.co.uk/shop/gb/groceries/dairy-eggs-chilled/kids-yogurts,fromage frais ,0.0,ACTIMEL YOGURT DRINK KIDS STRAWBERRY 6X100G,£1.50/unit,1.5,£0.25 / 100g,0.25,100,g,2.5,kg,Only £1.50: Save 50p,Only £1.50: Save 50p
2015-11-12 05:00:26.811970,SAINSBURY,211807,Yoghurt/Fromage Frais,http://www.sainsburys.co.uk/shop/gb/groceries/dairy-eggs-chilled/kids-yogurts,fromage frais ,0.0,COLLECTIVE SUCKIES PEACH & APRICOT 100G,£0.80/unit,0.8,£0.80 / 100g,0.8,100,g,8.0,kg,,
2015-11-12 05:00:26.816722,SAINSBURY,211807,Yoghurt/Fromage Frais,http://www.sainsburys.co.uk/shop/gb/groceries/dairy-eggs-chilled/kids-yogurts,fromage frais ,0.0,COLLECTIVE SUCKIES STRAWBERRY 100G,£0.80/unit,0.8,£0.80 / 100g,0.8,100,g,8.0,kg,,
2015-11-12 05:00:26.821374,SAINSBURY,211807,Yoghurt/Fromage Frais,http://www.sainsburys.co.uk/shop/gb/groceries/dairy-eggs-chilled/kids-yogurts,fromage frais ,1.0,DISNEY FROZEN FROMAGE FRAIS 9X40G,£1.50/unit,1.5,£0.42 / 100g,0.42,100,g,4.2,kg,,
2015-11-12 05:00:26.825908,SAINSBURY,211807,Yoghurt/Fromage Frais,http://www.sainsburys.co.uk/shop/gb/groceries/dairy-eggs-chilled/kids-yogurts,fromage frais ,0.0,"DISNEY FROZEN YOGURT SHAKE DRINK, STRAWBERRY 250G",£1.50/unit,1.5,£0.60 / 100ea,0.6,100,ea,0.006,each,,
2015-11-12 05:00:26.830315,SAINSBURY,211807,Yoghurt/Fromage Frais,http://www.sainsburys.co.uk/shop/gb/groceries/dairy-eggs-chilled/kids-yogurts,fromage frais ,0.0,"DISNEY FROZEN YOGURTS, STRAWBERRY & MIXED BERRIES 4X125G",£1.50/unit,1.5,£0.30 / 100g,0.3,100,g,3.0,kg,,
2015-11-12 05:00:26.834602,SAINSBURY,211807,Yoghurt/Fromage Frais,http://www.sainsburys.co.uk/shop/gb/groceries/dairy-eggs-chilled/kids-yogurts,fromage frais ,0.0,"DISNEY STAR WARS YOGURT SHAKE DRINK, STRAWBERRY 250G",£1.50/unit,1.5,£0.60 / 100g,0.6,100,g,6.0,kg,,
2015-11-12 05:00:26.838751,SAINSBURY,211807,Yoghurt/Fromage Frais,http://www.sainsburys.co.uk/shop/gb/groceries/dairy-eggs-chilled/kids-yogurts,fromage frais ,0.0,"DISNEY STAR WARS YOGURTS, STRAWBERRY & MIXED BERRIES 4X125G",£1.50/unit,1.5,£0.30 / 100g,0.3,100,g,3.0,kg,,
2015-11-12 05:00:26.842755,SAINSBURY,211807,Yoghurt/Fromage Frais,http://www.sainsburys.co.uk/shop/gb/groceries/dairy-eggs-chilled/kids-yogurts,fromage frais ,0.0,FRUBES STRAWBERRY & RASPBERRY POUCH 6X70G,£2.00/unit,2.0,£0.48 / 100g,0.48,100,g,4.8,kg,,
2015-11-12 05:00:26.846724,SAINSBURY,211807,Yoghurt/Fromage Frais,http://www.sainsburys.co.uk/shop/gb/groceries/dairy-eggs-chilled/kids-yogurts,fromage frais ,1.0,MUNCH BUNCH DOUBLE UP FROMAGE FRAIS STRAWBERRY & BANANA 4X85G,£1.00/unit,1.0,£0.29 / 100g,0.29,100,g,2.9,kg,Only £1.00: Save 50p,Only £1.00: Save 50p
2015-11-12 05:00:26.850654,SAINSBURY,211807,Yoghurt/Fromage Frais,http://www.sainsburys.co.uk/shop/gb/groceries/dairy-eggs-chilled/kids-yogurts,fromage frais ,1.0,MUNCH BUNCH DOUBLE UP FROMAGE FRAIS STRAWBERRY & RASPBERRY 4X85G,£1.00/unit,1.0,£0.29 / 100g,0.29,100,g,2.9,kg,Only £1.00: Save 50p,Only £1.00: Save 50p
2015-11-12 05:00:26.854463,SAINSBURY,211807,Yoghurt/Fromage Frais,http://www.sainsburys.co.uk/shop/gb/groceries/dairy-eggs-chilled/kids-yogurts,fromage frais ,1.0,MUNCH BUNCH DOUBLE UP FROMAGE FRAIS STRAWBERRY & VANILLA 4X85G,£1.00/unit,1.0,£0.29 / 100g,0.29,100,g,2.9,kg,Only £1.00: Save 50p,Only £1.00: Save 50p
2015-11-12 05:00:26.858220,SAINSBURY,211807,Yoghurt/Fromage Frais,http://www.sainsburys.co.uk/shop/gb/groceries/dairy-eggs-chilled/kids-yogurts,fromage frais ,1.0,MUNCH BUNCH FROMAGE FRAIS 6X42G,£1.00/unit,1.0,£0.40 / 100g,0.4,100,g,4.0,kg,Only £1.00: Save 50p,Only £1.00: Save 50p
2015-11-12 05:00:26.861877,SAINSBURY,211807,Yoghurt/Fromage Frais,http://www.sainsburys.co.uk/shop/gb/groceries/dairy-eggs-chilled/kids-yogurts,fromage frais ,0.0,MUNCH BUNCH FRUIT YOGURT 4X100G,£1.00/unit,1.0,£0.25 / 100g,0.25,100,g,2.5,kg,Only £1.00: Save 50p,Only £1.00: Save 50p
2015-11-12 05:00:26.865412,SAINSBURY,211807,Yoghurt/Fromage Frais,http://www.sainsburys.co.uk/shop/gb/groceries/dairy-eggs-chilled/kids-yogurts,fromage frais ,0.0,MUNCH BUNCH RASPBERRY & STRAWBERRY POUCHES 4X80G,£2.00/unit,2.0,£0.63 / 100g,0.63,100,g,6.3,kg,Buy any 2 for £3.00,Buy any 2 for £3.00
2015-11-12 05:00:26.869494,SAINSBURY,211807,Yoghurt/Fromage Frais,http://www.sainsburys.co.uk/shop/gb/groceries/dairy-eggs-chilled/kids-yogurts,fromage frais ,0.0,MUNCH BUNCH SEASONAL SQUASHUMS YOGURT 6X60G,£2.00/unit,2.0,£0.56 / 100g,0.56,100,g,5.6,kg,Buy any 2 for £3.00,Buy any 2 for £3.00
2015-11-12 05:00:26.872863,SAINSBURY,211807,Yoghurt/Fromage Frais,http://www.sainsburys.co.uk/shop/gb/groceries/dairy-eggs-chilled/kids-yogurts,fromage frais ,0.0,"MUNCH BUNCH STRAWBERRY & RASPBERRY, 30% LESS SUGAR 6X42G",£1.00/unit,1.0,£0.40 / 100g,0.4,100,g,4.0,kg,Only £1.00: Save 50p,Only £1.00: Save 50p
2015-11-12 05:00:26.876038,SAINSBURY,211807,Yoghurt/Fromage Frais,http://www.sainsburys.co.uk/shop/gb/groceries/dairy-eggs-chilled/kids-yogurts,fromage frais ,0.0,MUNCH BUNCH STRAWBERRY DRINKY 6X90G,£2.00/unit,2.0,£0.37 / 100g,0.37,100,g,3.7,kg,Buy any 2 for £3.00,Buy any 2 for £3.00
2015-11-12 05:00:26.879282,SAINSBURY,211807,Yoghurt/Fromage Frais,http://www.sainsburys.co.uk/shop/gb/groceries/dairy-eggs-chilled/kids-yogurts,fromage frais ,0.0,NESQUIK SNACKS 4X26G,£1.00/unit,1.0,£0.96 / 100g,0.96,100,g,9.6,kg,,
2015-11-12 05:00:26.882175,SAINSBURY,211807,Yoghurt/Fromage Frais,http://www.sainsburys.co.uk/shop/gb/groceries/dairy-eggs-chilled/kids-yogurts,fromage frais ,0.0,NESTLE MILKYBAR DESSERTS 2X70G,£1.30/unit,1.3,£0.93 / 100g,0.93,100,g,9.3,kg,,
2015-11-12 05:00:26.884927,SAINSBURY,211807,Yoghurt/Fromage Frais,http://www.sainsburys.co.uk/shop/gb/groceries/dairy-eggs-chilled/kids-yogurts,fromage frais ,1.0,PEPPA PIG FROMAGE FRAIS 6X45G,£1.00/unit,1.0,£0.37 / 100g,0.37,100,g,3.7,kg,,
2015-11-12 05:00:26.887559,SAINSBURY,211807,Yoghurt/Fromage Frais,http://www.sainsburys.co.uk/shop/gb/groceries/dairy-eggs-chilled/kids-yogurts,fromage frais ,1.0,PETITS FILOUS FROMAGE FRAIS 18X47G,£2.00/unit,2.0,£0.23 / 100g,0.23,100,g,2.3,kg,Only £2.00: Save £1.00,Only £2.00: Save £1.00
2015-11-12 05:00:26.890246,SAINSBURY,211807,Yoghurt/Fromage Frais,http://www.sainsburys.co.uk/shop/gb/groceries/dairy-eggs-chilled/kids-yogurts,fromage frais ,0.5,"PETITS FILOUS FROMAGE FRAIS, APRICOT POUCH 70G",£0.60/unit,0.6,£0.86 / 100g,0.86,100,g,8.6,kg,Only 60p: Save 20p,Only 60p: Save 20p
2015-11-12 05:00:26.892841,SAINSBURY,211807,Yoghurt/Fromage Frais,http://www.sainsburys.co.uk/shop/gb/groceries/dairy-eggs-chilled/kids-yogurts,fromage frais ,0.5,"PETITS FILOUS FROMAGE FRAIS, FRUIT LAYERS 6X55G",£1.25/unit,1.25,£0.38 / 100g,0.38,100,g,3.8,kg,,
2015-11-12 05:00:26.895153,SAINSBURY,211807,Yoghurt/Fromage Frais,http://www.sainsburys.co.uk/shop/gb/groceries/dairy-eggs-chilled/kids-yogurts,fromage frais ,0.5,"PETITS FILOUS FROMAGE FRAIS, RASPBERRY POUCH 70G",£0.60/unit,0.6,£0.86 / 100g,0.86,100,g,8.6,kg,Only 60p: Save 20p,Only 60p: Save 20p
2015-11-12 05:00:26.897468,SAINSBURY,211807,Yoghurt/Fromage Frais,http://www.sainsburys.co.uk/shop/gb/groceries/dairy-eggs-chilled/kids-yogurts,fromage frais ,0.5,"PETITS FILOUS FROMAGE FRAIS, STRAWBERRY & APRICOT 4X85G",£1.25/unit,1.25,£0.37 / 100g,0.37,100,g,3.7,kg,,
2015-11-12 05:00:27.183576,SAINSBURY,212017,Fizzy bottled drink,http://www.sainsburys.co.uk/shop/gb/groceries/drinks/fruit-flavoured,bottle,0.0,7UP 2L,£1.85/unit,1.85,£0.09 / 100ml,0.09,100,ml,0.9,l,Buy any 2 for £3.00,Buy any 2 for £3.00
2015-11-12 05:00:27.188849,SAINSBURY,212017,Fizzy bottled drink,http://www.sainsburys.co.uk/shop/gb/groceries/drinks/fruit-flavoured,bottle,0.0,7UP 6X330ML,£2.00/unit,2.0,£0.10 / 100ml,0.1,100,ml,1.0,l,Only £2.00: Save £1.20,Only £2.00: Save £1.20
2015-11-12 05:00:27.194175,SAINSBURY,212017,Fizzy bottled drink,http://www.sainsburys.co.uk/shop/gb/groceries/drinks/fruit-flavoured,bottle,0.0,7UP CHERRY & BUBBLES 6X330ML,£2.00/unit,2.0,£0.10 / 100ml,0.1,100,ml,1.0,l,Only £2.00: Save £1.20,Only £2.00: Save £1.20
2015-11-12 05:00:27.199125,SAINSBURY,212017,Fizzy bottled drink,http://www.sainsburys.co.uk/shop/gb/groceries/drinks/fruit-flavoured,bottle,0.0,7UP LIGHT 2L,£1.85/unit,1.85,£0.09 / 100ml,0.09,100,ml,0.9,l,Buy any 2 for £3.00,Buy any 2 for £3.00
2015-11-12 05:00:27.204381,SAINSBURY,212017,Fizzy bottled drink,http://www.sainsburys.co.uk/shop/gb/groceries/drinks/fruit-flavoured,bottle,0.0,7UP SUGAR FREE 6X330ML,£2.00/unit,2.0,£0.10 / 100ml,0.1,100,ml,1.0,l,Only £2.00: Save £1.20,Only £2.00: Save £1.20
2015-11-12 05:00:27.209140,SAINSBURY,212017,Fizzy bottled drink,http://www.sainsburys.co.uk/shop/gb/groceries/drinks/fruit-flavoured,bottle,0.0,APPLETISER 6X330ML,£4.00/unit,4.0,£0.20 / 100ml,0.2,100,ml,2.0,l,,
2015-11-12 05:00:27.213573,SAINSBURY,212017,Fizzy bottled drink,http://www.sainsburys.co.uk/shop/gb/groceries/drinks/fruit-flavoured,bottle,0.0,DR PEPPER 500ML,£1.25/unit,1.25,£0.25 / 100ml,0.25,100,ml,2.5,l,Buy any 2 for £2.00,Buy any 2 for £2.00
2015-11-12 05:00:27.218057,SAINSBURY,212017,Fizzy bottled drink,http://www.sainsburys.co.uk/shop/gb/groceries/drinks/fruit-flavoured,bottle,0.0,DR PEPPER SPARKLING DRINK 2L,£1.85/unit,1.85,£0.09 / 100ml,0.09,100,ml,0.9,l,,
2015-11-12 05:00:27.222292,SAINSBURY,212017,Fizzy bottled drink,http://www.sainsburys.co.uk/shop/gb/groceries/drinks/fruit-flavoured,bottle,0.0,DR PEPPER SPARKLING DRINK 6X330ML,£3.20/unit,3.2,£0.16 / 100ml,0.16,100,ml,1.6,l,Buy any 2 for £6.00,Buy any 2 for £6.00
2015-11-12 05:00:27.226453,SAINSBURY,212017,Fizzy bottled drink,http://www.sainsburys.co.uk/shop/gb/groceries/drinks/fruit-flavoured,bottle,0.0,DR PEPPER ZERO 2L,£1.85/unit,1.85,£0.09 / 100ml,0.09,100,ml,0.9,l,,
2015-11-12 05:00:27.230474,SAINSBURY,212017,Fizzy bottled drink,http://www.sainsburys.co.uk/shop/gb/groceries/drinks/fruit-flavoured,bottle,0.0,DR PEPPER ZERO 500ML,£1.15/unit,1.15,£0.23 / 100ml,0.23,100,ml,2.3,l,Buy any 2 for £2.00,Buy any 2 for £2.00
2015-11-12 05:00:27.234479,SAINSBURY,212017,Fizzy bottled drink,http://www.sainsburys.co.uk/shop/gb/groceries/drinks/fruit-flavoured,bottle,0.0,DR PEPPER ZERO 6X330ML,£3.20/unit,3.2,£0.16 / 100ml,0.16,100,ml,1.6,l,Buy any 2 for £6.00,Buy any 2 for £6.00
2015-11-12 05:00:27.238333,SAINSBURY,212017,Fizzy bottled drink,http://www.sainsburys.co.uk/shop/gb/groceries/drinks/fruit-flavoured,bottle,0.0,FANTA APPLE & SOUR CHERRY 2L,£1.85/unit,1.85,£0.09 / 100ml,0.09,100,ml,0.9,l,,
2015-11-12 05:00:27.242038,SAINSBURY,212017,Fizzy bottled drink,http://www.sainsburys.co.uk/shop/gb/groceries/drinks/fruit-flavoured,bottle,0.0,FANTA APPLE & SOUR CHERRY 500ML,£1.25/unit,1.25,£0.25 / 100ml,0.25,100,ml,2.5,l,Buy any 2 for £2.00,Buy any 2 for £2.00
2015-11-12 05:00:27.245770,SAINSBURY,212017,Fizzy bottled drink,http://www.sainsburys.co.uk/shop/gb/groceries/drinks/fruit-flavoured,bottle,0.0,FANTA APPLE & SOUR CHERRY 6X330ML,£3.20/unit,3.2,£0.16 / 100ml,0.16,100,ml,1.6,l,Buy any 2 for £6.00,Buy any 2 for £6.00
2015-11-12 05:00:27.249337,SAINSBURY,212017,Fizzy bottled drink,http://www.sainsburys.co.uk/shop/gb/groceries/drinks/fruit-flavoured,bottle,0.0,FANTA FRUIT TWIST DRINK 2L,£1.85/unit,1.85,£0.09 / 100ml,0.09,100,ml,0.9,l,,
2015-11-12 05:00:27.252917,SAINSBURY,212017,Fizzy bottled drink,http://www.sainsburys.co.uk/shop/gb/groceries/drinks/fruit-flavoured,bottle,0.0,FANTA FRUIT TWIST DRINK 500ML,£1.25/unit,1.25,£0.25 / 100ml,0.25,100,ml,2.5,l,Buy any 2 for £2.00,Buy any 2 for £2.00
2015-11-12 05:00:27.256400,SAINSBURY,212017,Fizzy bottled drink,http://www.sainsburys.co.uk/shop/gb/groceries/drinks/fruit-flavoured,bottle,0.0,FANTA FRUIT TWIST X6 330ML,£3.20/unit,3.2,£0.16 / 100ml,0.16,100,ml,1.6,l,Buy any 2 for £6.00,Buy any 2 for £6.00
2015-11-12 05:00:27.259696,SAINSBURY,212017,Fizzy bottled drink,http://www.sainsburys.co.uk/shop/gb/groceries/drinks/fruit-flavoured,bottle,0.0,FANTA LEMON 2L,£1.85/unit,1.85,£0.09 / 100ml,0.09,100,ml,0.9,l,,
2015-11-12 05:00:27.262940,SAINSBURY,212017,Fizzy bottled drink,http://www.sainsburys.co.uk/shop/gb/groceries/drinks/fruit-flavoured,bottle,0.0,FANTA MANGO & PASSIONFRUIT 2L,£1.85/unit,1.85,£0.09 / 100ml,0.09,100,ml,0.9,l,,
2015-11-12 05:00:27.265942,SAINSBURY,212017,Fizzy bottled drink,http://www.sainsburys.co.uk/shop/gb/groceries/drinks/fruit-flavoured,bottle,0.0,FANTA MANGO & PASSIONFRUIT 6X330ML,£3.20/unit,3.2,£0.16 / 100ml,0.16,100,ml,1.6,l,Buy any 2 for £6.00,Buy any 2 for £6.00
2015-11-12 05:00:27.268914,SAINSBURY,212017,Fizzy bottled drink,http://www.sainsburys.co.uk/shop/gb/groceries/drinks/fruit-flavoured,bottle,0.0,FANTA ORANGE 1.25L,£1.50/unit,1.5,£0.12 / 100ml,0.12,100,ml,1.2,l,,
2015-11-12 05:00:27.271682,SAINSBURY,212017,Fizzy bottled drink,http://www.sainsburys.co.uk/shop/gb/groceries/drinks/fruit-flavoured,bottle,0.0,FANTA ORANGE LIGHT ZERO 2L,£1.85/unit,1.85,£0.09 / 100ml,0.09,100,ml,0.9,l,,
2015-11-12 05:00:27.274595,SAINSBURY,212017,Fizzy bottled drink,http://www.sainsburys.co.uk/shop/gb/groceries/drinks/fruit-flavoured,bottle,0.0,FANTA ORANGE SPARKLING DRINK 2L,£1.85/unit,1.85,£0.09 / 100ml,0.09,100,ml,0.9,l,,
2015-11-12 05:00:27.277202,SAINSBURY,212017,Fizzy bottled drink,http://www.sainsburys.co.uk/shop/gb/groceries/drinks/fruit-flavoured,bottle,0.0,FANTA ORANGE SPARKLING DRINK 500ML,£1.25/unit,1.25,£0.25 / 100ml,0.25,100,ml,2.5,l,Buy any 2 for £2.00,Buy any 2 for £2.00
2015-11-12 05:00:27.279775,SAINSBURY,212017,Fizzy bottled drink,http://www.sainsburys.co.uk/shop/gb/groceries/drinks/fruit-flavoured,bottle,0.0,FANTA ORANGE X6 330ML,£3.20/unit,3.2,£0.16 / 100ml,0.16,100,ml,1.6,l,Buy any 2 for £6.00,Buy any 2 for £6.00
2015-11-12 05:00:27.282202,SAINSBURY,212017,Fizzy bottled drink,http://www.sainsburys.co.uk/shop/gb/groceries/drinks/fruit-flavoured,bottle,0.0,FANTA ORANGE ZERO 6X330ML,£3.20/unit,3.2,£0.16 / 100ml,0.16,100,ml,1.6,l,Buy any 2 for £6.00,Buy any 2 for £6.00
2015-11-12 05:00:27.284655,SAINSBURY,212017,Fizzy bottled drink,http://www.sainsburys.co.uk/shop/gb/groceries/drinks/fruit-flavoured,bottle,0.0,FIZZY VIMTO 500ML,£1.00/unit,1.0,£0.20 / 100ml,0.2,100,ml,2.0,l,Only £1.00: Save 15p,Only £1.00: Save 15p
2015-11-12 05:00:27.472693,SAINSBURY,212515,"Fresh Veg, Tomatoes, per kg",http://www.sainsburys.co.uk/shop/gb/groceries/fresh-fruit-veg/fresh-salad-tomatoes,tomatoes ,1.0,SAINSBURY'S BABY PLUM TOMATOES 250G,£0.90/unit,0.9,£3.60 / 1 kg,3.6,1,kg,3.6,kg,,
2015-11-12 05:00:27.476732,SAINSBURY,212515,"Fresh Veg, Tomatoes, per kg",http://www.sainsburys.co.uk/shop/gb/groceries/fresh-fruit-veg/fresh-salad-tomatoes,tomatoes ,0.0,"SAINSBURY'S BABY PLUM TOMATOES, SO ORGANIC 225G",£1.80/unit,1.8,£8.00 / 1 kg,8.0,1,kg,8.0,kg,,
2015-11-12 05:00:27.480481,SAINSBURY,212515,"Fresh Veg, Tomatoes, per kg",http://www.sainsburys.co.uk/shop/gb/groceries/fresh-fruit-veg/fresh-salad-tomatoes,tomatoes ,0.0,SAINSBURY'S BEEF TOMATO (EACH),£0.80/unit,0.8,£4.00 / 1 kg,4.0,1,kg,4.0,kg,,
2015-11-12 05:00:27.484007,SAINSBURY,212515,"Fresh Veg, Tomatoes, per kg",http://www.sainsburys.co.uk/shop/gb/groceries/fresh-fruit-veg/fresh-salad-tomatoes,tomatoes ,1.0,SAINSBURY'S BEST OF BRITISH TOMATOES 250G,£1.75/unit,1.75,£7.00 / 1 kg,7.0,1,kg,7.0,kg,,
2015-11-12 05:00:27.490368,SAINSBURY,212515,"Fresh Veg, Tomatoes, per kg",http://www.sainsburys.co.uk/shop/gb/groceries/fresh-fruit-veg/fresh-salad-tomatoes,tomatoes ,0.0,"SAINSBURY'S BRITISH JUBILEE LARGE VINE TOMATOES, TASTE THE DIFFERENCE",£1.75/unit,1.75,£3.98 / 1 kg,3.98,1,kg,3.98,kg,,
2015-11-12 05:00:27.493767,SAINSBURY,212515,"Fresh Veg, Tomatoes, per kg",http://www.sainsburys.co.uk/shop/gb/groceries/fresh-fruit-veg/fresh-salad-tomatoes,tomatoes ,1.0,SAINSBURY'S CHERRY TOMATOES 335G,£0.90/unit,0.9,£2.69 / 1 kg,2.69,1,kg,2.69,kg,,
2015-11-12 05:00:27.497045,SAINSBURY,212515,"Fresh Veg, Tomatoes, per kg",http://www.sainsburys.co.uk/shop/gb/groceries/fresh-fruit-veg/fresh-salad-tomatoes,tomatoes ,1.0,SAINSBURY'S CHERRY TOMATOES 650G,£1.50/unit,1.5,£2.31 / 1 kg,2.31,1,kg,2.31,kg,,
2015-11-12 05:00:27.501326,SAINSBURY,212515,"Fresh Veg, Tomatoes, per kg",http://www.sainsburys.co.uk/shop/gb/groceries/fresh-fruit-veg/fresh-salad-tomatoes,tomatoes ,1.0,SAINSBURY'S CLASSIC ROUND TOMATOES X6,£0.75/unit,0.75,£1.88 / 1 kg,1.88,1,kg,1.88,kg,,
2015-11-12 05:00:27.504406,SAINSBURY,212515,"Fresh Veg, Tomatoes, per kg",http://www.sainsburys.co.uk/shop/gb/groceries/fresh-fruit-veg/fresh-salad-tomatoes,tomatoes ,0.0,"SAINSBURY'S MEDIUM VINE TOMATOES, TASTE THE DIFFERENCE 300G",£1.75/unit,1.75,£5.83 / 1 kg,5.83,1,kg,5.83,kg,,
2015-11-12 05:00:27.507288,SAINSBURY,212515,"Fresh Veg, Tomatoes, per kg",http://www.sainsburys.co.uk/shop/gb/groceries/fresh-fruit-veg/fresh-salad-tomatoes,tomatoes ,0.0,"SAINSBURY'S MIDI PLUM SUNDREAM TOMATOES, TASTE THE DIFFERENCE 225G",£1.75/unit,1.75,£7.78 / 1 kg,7.78,1,kg,7.78,kg,,
2015-11-12 05:00:27.510119,SAINSBURY,212515,"Fresh Veg, Tomatoes, per kg",http://www.sainsburys.co.uk/shop/gb/groceries/fresh-fruit-veg/fresh-salad-tomatoes,tomatoes ,1.0,SAINSBURY'S PLUM TOMATOES 500G,£1.20/unit,1.2,£2.40 / 1 kg,2.4,1,kg,2.4,kg,,
2015-11-12 05:00:27.516490,SAINSBURY,212515,"Fresh Veg, Tomatoes, per kg",http://www.sainsburys.co.uk/shop/gb/groceries/fresh-fruit-veg/fresh-salad-tomatoes,tomatoes ,0.0,"SAINSBURY'S POMODORINO TOMATOES, TASTE THE DIFFERENCE 250G",£1.75/unit,1.75,£7.00 / 1 kg,7.0,1,kg,7.0,kg,,
2015-11-12 05:00:27.519090,SAINSBURY,212515,"Fresh Veg, Tomatoes, per kg",http://www.sainsburys.co.uk/shop/gb/groceries/fresh-fruit-veg/fresh-salad-tomatoes,tomatoes ,0.0,"SAINSBURY'S SUNGLOW CHERRY TOMATOES, TASTE THE DIFFERENCE 220G",£1.75/unit,1.75,£7.95 / 1 kg,7.95,1,kg,7.95,kg,,
2015-11-12 05:00:27.521626,SAINSBURY,212515,"Fresh Veg, Tomatoes, per kg",http://www.sainsburys.co.uk/shop/gb/groceries/fresh-fruit-veg/fresh-salad-tomatoes,tomatoes ,1.0,SAINSBURY'S TOMATOES (LOOSE),£2.00/kg,2.0,£2.00 / 1 kg,2.0,1,kg,2.0,kg,,
2015-11-12 05:00:27.524009,SAINSBURY,212515,"Fresh Veg, Tomatoes, per kg",http://www.sainsburys.co.uk/shop/gb/groceries/fresh-fruit-veg/fresh-salad-tomatoes,tomatoes ,0.0,"SAINSBURY'S TOMATOES, BASICS 450G",£0.65/unit,0.65,£1.44 / 1 kg,1.44,1,kg,1.44,kg,,
2015-11-12 05:00:27.526358,SAINSBURY,212515,"Fresh Veg, Tomatoes, per kg",http://www.sainsburys.co.uk/shop/gb/groceries/fresh-fruit-veg/fresh-salad-tomatoes,tomatoes ,0.0,"SAINSBURY'S VINE TOMATOES, SO ORGANIC 400G",£1.85/unit,1.85,£4.63 / 1 kg,4.63,1,kg,4.63,kg,,
2015-11-12 05:00:27.528564,SAINSBURY,212515,"Fresh Veg, Tomatoes, per kg",http://www.sainsburys.co.uk/shop/gb/groceries/fresh-fruit-veg/fresh-salad-tomatoes,tomatoes ,0.0,"SAINSBURY'S VITTORIA TOMATOES, SO ORGANIC 180G",£1.85/unit,1.85,£10.28 / 1 kg,10.28,1,kg,10.28,kg,,
2015-11-12 05:00:27.848216,SAINSBURY,212717,"Apples, dessert, per kg",http://www.sainsburys.co.uk/shop/gb/groceries/fresh-fruit-veg/apples-pears-rhubarb,apples ,0.0,"SAINSBURY'S APPLES, TASTE THE DIFFERENCE X5",£2.25/unit,2.25,£2.25 / 1 ea,2.25,1,ea,2.25,each,,
2015-11-12 05:00:27.853403,SAINSBURY,212717,"Apples, dessert, per kg",http://www.sainsburys.co.uk/shop/gb/groceries/fresh-fruit-veg/apples-pears-rhubarb,apples ,1.0,SAINSBURY'S BEST OF BRITISH APPLES X4 (MINIMUM),£1.50/unit,1.5,£1.50 / 1 ea,1.5,1,ea,1.5,each,,
2015-11-12 05:00:27.858540,SAINSBURY,212717,"Apples, dessert, per kg",http://www.sainsburys.co.uk/shop/gb/groceries/fresh-fruit-veg/apples-pears-rhubarb,apples ,1.0,SAINSBURY'S BRAEBURN APPLES X5 (MINIMUM),£1.00/unit,1.0,£1.00 / 1 ea,1.0,1,ea,1.0,each,Only £1.00: Save 50p,Only £1.00: Save 50p
2015-11-12 05:00:27.863556,SAINSBURY,212717,"Apples, dessert, per kg",http://www.sainsburys.co.uk/shop/gb/groceries/fresh-fruit-veg/apples-pears-rhubarb,apples ,0.0,SAINSBURY'S BRITISH BRAMLEY APPLE BAG X4 (MINIMUM),£1.50/unit,1.5,£1.50 / 1 ea,1.5,1,ea,1.5,each,,
2015-11-12 05:00:27.868385,SAINSBURY,212717,"Apples, dessert, per kg",http://www.sainsburys.co.uk/shop/gb/groceries/fresh-fruit-veg/apples-pears-rhubarb,apples ,0.0,SAINSBURY'S CONFERENCE PEARS X4 (MINIMUM),£1.00/unit,1.0,£1.00 / 1 ea,1.0,1,ea,1.0,each,Only £1.00: Save 50p,Only £1.00: Save 50p
2015-11-12 05:00:27.873109,SAINSBURY,212717,"Apples, dessert, per kg",http://www.sainsburys.co.uk/shop/gb/groceries/fresh-fruit-veg/apples-pears-rhubarb,apples ,0.0,"SAINSBURY'S CONFERENCE PEARS, RIPE & READY X4 (MINIMUM)",£1.50/unit,1.5,£1.50 / 1 ea,1.5,1,ea,1.5,each,Only £1.50: Save 50p,Only £1.50: Save 50p
2015-11-12 05:00:27.877698,SAINSBURY,212717,"Apples, dessert, per kg",http://www.sainsburys.co.uk/shop/gb/groceries/fresh-fruit-veg/apples-pears-rhubarb,apples ,0.0,SAINSBURY'S DESSERT PEAR BAG X6 (MINIMUM),£1.25/unit,1.25,£0.21 / 1 ea,0.21,1,ea,0.21,each,,
2015-11-12 05:00:27.882148,SAINSBURY,212717,"Apples, dessert, per kg",http://www.sainsburys.co.uk/shop/gb/groceries/fresh-fruit-veg/apples-pears-rhubarb,apples ,1.0,SAINSBURY'S GOLDEN DELICIOUS APPLES X5 (MINIMUM),£1.50/unit,1.5,£1.50 / 1 ea,1.5,1,ea,1.5,each,,
2015-11-12 05:00:27.886439,SAINSBURY,212717,"Apples, dessert, per kg",http://www.sainsburys.co.uk/shop/gb/groceries/fresh-fruit-veg/apples-pears-rhubarb,apples ,1.0,SAINSBURY'S GRANNY SMITH APPLES X5 (MINIMUM),£1.50/unit,1.5,£1.50 / 1 ea,1.5,1,ea,1.5,each,,
2015-11-12 05:00:27.890645,SAINSBURY,212717,"Apples, dessert, per kg",http://www.sainsburys.co.uk/shop/gb/groceries/fresh-fruit-veg/apples-pears-rhubarb,apples ,1.0,SAINSBURY'S JAZZ APPLES X6 (MINIMUM),£1.90/unit,1.9,£1.90 / 1 ea,1.9,1,ea,1.9,each,,
2015-11-12 05:00:27.894744,SAINSBURY,212717,"Apples, dessert, per kg",http://www.sainsburys.co.uk/shop/gb/groceries/fresh-fruit-veg/apples-pears-rhubarb,apples ,1.0,SAINSBURY'S PINK LADY APPLES X4,£2.00/unit,2.0,£2.00 / 1 ea,2.0,1,ea,2.0,each,,
2015-11-12 05:00:27.898709,SAINSBURY,212717,"Apples, dessert, per kg",http://www.sainsburys.co.uk/shop/gb/groceries/fresh-fruit-veg/apples-pears-rhubarb,apples ,1.0,SAINSBURY'S PINK LADY APPLES X5 (MINIMUM),£2.25/unit,2.25,£2.25 / 1 ea,2.25,1,ea,2.25,each,,
2015-11-12 05:00:27.902601,SAINSBURY,212717,"Apples, dessert, per kg",http://www.sainsburys.co.uk/shop/gb/groceries/fresh-fruit-veg/apples-pears-rhubarb,apples ,1.0,SAINSBURY'S ROYAL GALA APPLES X5 (MINIMUM),£1.00/unit,1.0,£1.00 / 1 ea,1.0,1,ea,1.0,each,Only £1.00: Save 50p,Only £1.00: Save 50p
2015-11-12 05:00:27.906415,SAINSBURY,212717,"Apples, dessert, per kg",http://www.sainsburys.co.uk/shop/gb/groceries/fresh-fruit-veg/apples-pears-rhubarb,apples ,0.0,"SAINSBURY'S APPLES, BASICS X4 (MINIMUM, VARIETY & SIZE WILL VARY)",£0.80/unit,0.8,£0.80 / 1 ea,0.8,1,ea,0.8,each,,
2015-11-12 05:00:27.910024,SAINSBURY,212717,"Apples, dessert, per kg",http://www.sainsburys.co.uk/shop/gb/groceries/fresh-fruit-veg/apples-pears-rhubarb,apples ,0.0,"SAINSBURY'S APPLES, SO ORGANIC X5 (MINIMUM)",£2.50/unit,2.5,£0.50 / 1 kg,0.5,1,kg,0.5,kg,,
2015-11-12 05:00:27.913509,SAINSBURY,212717,"Apples, dessert, per kg",http://www.sainsburys.co.uk/shop/gb/groceries/fresh-fruit-veg/apples-pears-rhubarb,apples ,0.0,SAINSBURY'S ASIAN PEARS X3,£1.50/unit,1.5,£1.50 / 1 ea,1.5,1,ea,1.5,each,,
2015-11-12 05:00:27.916942,SAINSBURY,212717,"Apples, dessert, per kg",http://www.sainsburys.co.uk/shop/gb/groceries/fresh-fruit-veg/apples-pears-rhubarb,apples ,1.0,SAINSBURY'S BRAEBURN APPLES LOOSE,£1.85/kg,1.85,£1.85 / 1 kg,1.85,1,kg,1.85,kg,,
2015-11-12 05:00:27.920290,SAINSBURY,212717,"Apples, dessert, per kg",http://www.sainsburys.co.uk/shop/gb/groceries/fresh-fruit-veg/apples-pears-rhubarb,apples ,0.0,"SAINSBURY'S BRAEBURN APPLES, SO ORGANIC X5 (MINIMUM)",£1.90/unit,1.9,£1.90 / 1 ea,1.9,1,ea,1.9,each,,
2015-11-12 05:00:27.923486,SAINSBURY,212717,"Apples, dessert, per kg",http://www.sainsburys.co.uk/shop/gb/groceries/fresh-fruit-veg/apples-pears-rhubarb,apples ,1.0,SAINSBURY'S BRITISH BRAMLEY COOKING APPLES LOOSE,£1.85/kg,1.85,£1.85 / 1 kg,1.85,1,kg,1.85,kg,,
2015-11-12 05:00:27.927146,SAINSBURY,212717,"Apples, dessert, per kg",http://www.sainsburys.co.uk/shop/gb/groceries/fresh-fruit-veg/apples-pears-rhubarb,apples ,1.0,SAINSBURY'S BRITISH ZARI APPLES X5,£1.00/unit,1.0,£1.00 / 1 kg,1.0,1,kg,1.0,kg,,
2015-11-12 05:00:27.931189,SAINSBURY,212717,"Apples, dessert, per kg",http://www.sainsburys.co.uk/shop/gb/groceries/fresh-fruit-veg/apples-pears-rhubarb,apples ,0.0,SAINSBURY'S COMICE PEARS LOOSE,£2.00/kg,2.0,£2.00 / 1 kg,2.0,1,kg,2.0,kg,,
2015-11-12 05:00:27.934115,SAINSBURY,212717,"Apples, dessert, per kg",http://www.sainsburys.co.uk/shop/gb/groceries/fresh-fruit-veg/apples-pears-rhubarb,apples ,0.0,SAINSBURY'S CONFERENCE PEARS LOOSE,£2.00/kg,2.0,£2.00 / 1 ea,2.0,1,ea,2.0,each,,
2015-11-12 05:00:27.937073,SAINSBURY,212717,"Apples, dessert, per kg",http://www.sainsburys.co.uk/shop/gb/groceries/fresh-fruit-veg/apples-pears-rhubarb,apples ,1.0,SAINSBURY'S COX APPLES LOOSE,£1.85/kg,1.85,£1.85 / 1 kg,1.85,1,kg,1.85,kg,,
2015-11-12 05:00:27.939690,SAINSBURY,212717,"Apples, dessert, per kg",http://www.sainsburys.co.uk/shop/gb/groceries/fresh-fruit-veg/apples-pears-rhubarb,apples ,1.0,SAINSBURY'S COX APPLES X5 (MINIMUM),£1.00/unit,1.0,£1.00 / 1 ea,1.0,1,ea,1.0,each,,
2015-11-12 05:00:27.942191,SAINSBURY,212717,"Apples, dessert, per kg",http://www.sainsburys.co.uk/shop/gb/groceries/fresh-fruit-veg/apples-pears-rhubarb,apples ,0.0,SAINSBURY'S DESSERT PEARS LOOSE,£2.00/kg,2.0,£2.00 / 1 ea,2.0,1,ea,2.0,each,,
2015-11-12 05:00:27.944603,SAINSBURY,212717,"Apples, dessert, per kg",http://www.sainsburys.co.uk/shop/gb/groceries/fresh-fruit-veg/apples-pears-rhubarb,apples ,0.0,"SAINSBURY'S ENGLISH APPLES, SO ORGANIC X5 (MINIMUM)",£1.90/unit,1.9,£1.90 / 1 kg,1.9,1,kg,1.9,kg,,
2015-11-12 05:00:27.946894,SAINSBURY,212717,"Apples, dessert, per kg",http://www.sainsburys.co.uk/shop/gb/groceries/fresh-fruit-veg/apples-pears-rhubarb,apples ,0.0,"SAINSBURY'S FAMILY APPLE BAG X8 (MINIMUM, VARIETY & SIZE WILL VARY)",£1.50/unit,1.5,£1.50 / 1 kg,1.5,1,kg,1.5,kg,,
2015-11-12 05:00:27.949105,SAINSBURY,212717,"Apples, dessert, per kg",http://www.sainsburys.co.uk/shop/gb/groceries/fresh-fruit-veg/apples-pears-rhubarb,apples ,1.0,SAINSBURY'S GOLDEN DELICIOUS APPLES LOOSE,£2.00/kg,2.0,£2.00 / 1 kg,2.0,1,kg,2.0,kg,,
2015-11-12 05:00:28.697865,SAINSBURY,212720,"Strawberries, per kg or per punnet",http://www.sainsburys.co.uk/shop/gb/groceries/fresh-fruit-veg/berries-cherries-currants,strawberries ,0.0,"SAINSBURY'S BLACKBERRIES, TANGY 150G",£2.00/unit,2.0,£13.33 / 1 kg,13.33,1,kg,13.33,kg,,
2015-11-12 05:00:28.700853,SAINSBURY,212720,"Strawberries, per kg or per punnet",http://www.sainsburys.co.uk/shop/gb/groceries/fresh-fruit-veg/berries-cherries-currants,strawberries ,0.0,SAINSBURY'S BLUEBERRIES 100G,£1.50/unit,1.5,£15.00 / 1 kg,15.0,1,kg,15.0,kg,,
2015-11-12 05:00:28.703864,SAINSBURY,212720,"Strawberries, per kg or per punnet",http://www.sainsburys.co.uk/shop/gb/groceries/fresh-fruit-veg/berries-cherries-currants,strawberries ,0.0,SAINSBURY'S BLUEBERRIES 150G,£2.00/unit,2.0,£13.33 / 1 kg,13.33,1,kg,13.33,kg,,
2015-11-12 05:00:28.706445,SAINSBURY,212720,"Strawberries, per kg or per punnet",http://www.sainsburys.co.uk/shop/gb/groceries/fresh-fruit-veg/berries-cherries-currants,strawberries ,0.0,SAINSBURY'S CHERRY PUNNET 200G,£3.00/unit,3.0,£15.00 / 1 kg,15.0,1,kg,15.0,kg,,
2015-11-12 05:00:28.708929,SAINSBURY,212720,"Strawberries, per kg or per punnet",http://www.sainsburys.co.uk/shop/gb/groceries/fresh-fruit-veg/berries-cherries-currants,strawberries ,0.0,SAINSBURY'S CRANBERRIES 300G,£2.00/unit,2.0,£6.67 / 1 kg,6.67,1,kg,6.67,kg,,
2015-11-12 05:00:28.711372,SAINSBURY,212720,"Strawberries, per kg or per punnet",http://www.sainsburys.co.uk/shop/gb/groceries/fresh-fruit-veg/berries-cherries-currants,strawberries ,0.0,SAINSBURY'S MIXED BERRIES 300G,£3.75/unit,3.75,£12.50 / 1 ml,12.5,1,ml,12500.0,l,,
2015-11-12 05:00:28.713659,SAINSBURY,212720,"Strawberries, per kg or per punnet",http://www.sainsburys.co.uk/shop/gb/groceries/fresh-fruit-veg/berries-cherries-currants,strawberries ,0.0,"SAINSBURY'S RASPBERRIES, 150G",£2.00/unit,2.0,£13.33 / 1 kg,13.33,1,kg,13.33,kg,,
2015-11-12 05:00:29.058127,SAINSBURY,212360,"Potatoes, old, white",http://www.sainsburys.co.uk/shop/gb/groceries/fresh-fruit-veg/potatoes,old white potatoes ,0.33,ALBERT BARTLETT ROOSTER POTATOES 2KG,£2.00/unit,2.0,£1.00 / 1 kg,1.0,1,kg,1.0,kg,Only £2.00: Save 50p,Only £2.00: Save 50p
2015-11-12 05:00:29.064124,SAINSBURY,212360,"Potatoes, old, white",http://www.sainsburys.co.uk/shop/gb/groceries/fresh-fruit-veg/potatoes,old white potatoes ,0.0,"SAINSBURY'S ANYA POTATOES, TASTE THE DIFFERENCE 750G",£1.50/unit,1.5,£2.00 / 1 kg,2.0,1,kg,2.0,kg,,
2015-11-12 05:00:29.069904,SAINSBURY,212360,"Potatoes, old, white",http://www.sainsburys.co.uk/shop/gb/groceries/fresh-fruit-veg/potatoes,old white potatoes ,0.33,SAINSBURY'S BABY POTATOES 1KG,£1.00/unit,1.0,£1.00 / 1 kg,1.0,1,kg,1.0,kg,,
2015-11-12 05:00:29.075244,SAINSBURY,212360,"Potatoes, old, white",http://www.sainsburys.co.uk/shop/gb/groceries/fresh-fruit-veg/potatoes,old white potatoes ,0.0,"SAINSBURY'S BABY SALAD POTATOES, SO ORGANIC 750G",£1.50/unit,1.5,£2.00 / 1 kg,2.0,1,kg,2.0,kg,,
2015-11-12 05:00:29.080624,SAINSBURY,212360,"Potatoes, old, white",http://www.sainsburys.co.uk/shop/gb/groceries/fresh-fruit-veg/potatoes,old white potatoes ,0.33,SAINSBURY'S BAKING POTATOES (LOOSE),£1.20/kg,1.2,£1.20 / 1 kg,1.2,1,kg,1.2,kg,,
2015-11-12 05:00:29.085655,SAINSBURY,212360,"Potatoes, old, white",http://www.sainsburys.co.uk/shop/gb/groceries/fresh-fruit-veg/potatoes,old white potatoes ,0.33,SAINSBURY'S BAKING POTATOES 2.5KG,£2.00/unit,2.0,£0.80 / 1 kg,0.8,1,kg,0.8,kg,,
2015-11-12 05:00:29.090499,SAINSBURY,212360,"Potatoes, old, white",http://www.sainsburys.co.uk/shop/gb/groceries/fresh-fruit-veg/potatoes,old white potatoes ,0.33,SAINSBURY'S BAKING POTATOES X4,£1.00/unit,1.0,£1.43 / 1 kg,1.43,1,kg,1.43,kg,,
2015-11-12 05:00:29.095175,SAINSBURY,212360,"Potatoes, old, white",http://www.sainsburys.co.uk/shop/gb/groceries/fresh-fruit-veg/potatoes,old white potatoes ,0.33,SAINSBURY'S BAKING SWEET POTATOES X2,£1.00/unit,1.0,£1.82 / 1 kg,1.82,1,kg,1.82,kg,,
2015-11-12 05:00:29.099740,SAINSBURY,212360,"Potatoes, old, white",http://www.sainsburys.co.uk/shop/gb/groceries/fresh-fruit-veg/potatoes,old white potatoes ,0.0,SAINSBURY'S BUTTERY POTATO MASH 450G,£1.00/unit,1.0,£2.22 / 1 kg,2.22,1,kg,2.22,kg,Only £1.00: Save 20p,Only £1.00: Save 20p
2015-11-12 05:00:29.104255,SAINSBURY,212360,"Potatoes, old, white",http://www.sainsburys.co.uk/shop/gb/groceries/fresh-fruit-veg/potatoes,old white potatoes ,0.33,SAINSBURY'S CHARLOTTE POTATOES 1KG,£1.00/unit,1.0,£1.00 / 1 kg,1.0,1,kg,1.0,kg,,
2015-11-12 05:00:29.108500,SAINSBURY,212360,"Potatoes, old, white",http://www.sainsburys.co.uk/shop/gb/groceries/fresh-fruit-veg/potatoes,old white potatoes ,0.0,"SAINSBURY'S CHUNKY CHIPS, TASTE THE DIFFERENCE 400G",£2.00/unit,2.0,£5.00 / 1 kg,5.0,1,kg,5.0,kg,,
2015-11-12 05:00:29.113306,SAINSBURY,212360,"Potatoes, old, white",http://www.sainsburys.co.uk/shop/gb/groceries/fresh-fruit-veg/potatoes,old white potatoes ,0.33,SAINSBURY'S DESIREE POTATOES 2.5KG,£2.00/unit,2.0,£0.80 / 1 kg,0.8,1,kg,0.8,kg,,
2015-11-12 05:00:29.117423,SAINSBURY,212360,"Potatoes, old, white",http://www.sainsburys.co.uk/shop/gb/groceries/fresh-fruit-veg/potatoes,old white potatoes ,0.0,"SAINSBURY'S GEM POTATOES, TASTE THE DIFFERENCE 1KG",£2.00/unit,2.0,£2.00 / 1 kg,2.0,1,kg,2.0,kg,,
2015-11-12 05:00:29.121342,SAINSBURY,212360,"Potatoes, old, white",http://www.sainsburys.co.uk/shop/gb/groceries/fresh-fruit-veg/potatoes,old white potatoes ,0.33,SAINSBURY'S KING EDWARD POTATOES 2.5KG,£2.00/unit,2.0,£0.80 / 1 kg,0.8,1,kg,0.8,kg,,
2015-11-12 05:00:29.125080,SAINSBURY,212360,"Potatoes, old, white",http://www.sainsburys.co.uk/shop/gb/groceries/fresh-fruit-veg/potatoes,old white potatoes ,0.0,"SAINSBURY'S LADY BALFOUR BAKING POTATOES, SO ORGANIC 2KG",£3.00/unit,3.0,£1.50 / 1 kg,1.5,1,kg,1.5,kg,,
2015-11-12 05:00:29.128867,SAINSBURY,212360,"Potatoes, old, white",http://www.sainsburys.co.uk/shop/gb/groceries/fresh-fruit-veg/potatoes,old white potatoes ,0.0,"SAINSBURY'S LADY BALFOUR BAKING POTATOES, SO ORGANIC X4",£1.75/unit,1.75,£2.50 / 1 kg,2.5,1,kg,2.5,kg,,
2015-11-12 05:00:29.132472,SAINSBURY,212360,"Potatoes, old, white",http://www.sainsburys.co.uk/shop/gb/groceries/fresh-fruit-veg/potatoes,old white potatoes ,0.0,"SAINSBURY'S LOOSE NEW POTATOES, TASTE THE DIFFERENCE",£3.00/kg,3.0,£3.00 / 1 kg,3.0,1,kg,3.0,kg,,
2015-11-12 05:00:29.135801,SAINSBURY,212360,"Potatoes, old, white",http://www.sainsburys.co.uk/shop/gb/groceries/fresh-fruit-veg/potatoes,old white potatoes ,0.33,SAINSBURY'S MARIS PIPER POTATOES 2.5KG,£2.00/unit,2.0,£0.80 / 1 kg,0.8,1,kg,0.8,kg,,
2015-11-12 05:00:29.139702,SAINSBURY,212360,"Potatoes, old, white",http://www.sainsburys.co.uk/shop/gb/groceries/fresh-fruit-veg/potatoes,old white potatoes ,0.0,SAINSBURY'S MASHED POTATO 400G,£1.00/unit,1.0,£2.50 / 1 kg,2.5,1,kg,2.5,kg,,
2015-11-12 05:00:29.142748,SAINSBURY,212360,"Potatoes, old, white",http://www.sainsburys.co.uk/shop/gb/groceries/fresh-fruit-veg/potatoes,old white potatoes ,0.0,"SAINSBURY'S MASHING POTATOES, TASTE THE DIFFERENCE 1.5KG",£1.50/unit,1.5,£1.00 / 1 kg,1.0,1,kg,1.0,kg,,
2015-11-12 05:00:29.145682,SAINSBURY,212360,"Potatoes, old, white",http://www.sainsburys.co.uk/shop/gb/groceries/fresh-fruit-veg/potatoes,old white potatoes ,0.33,SAINSBURY'S MINI POTATOES 750G,£1.20/unit,1.2,£1.60 / 1 kg,1.6,1,kg,1.6,kg,,
2015-11-12 05:00:29.148522,SAINSBURY,212360,"Potatoes, old, white",http://www.sainsburys.co.uk/shop/gb/groceries/fresh-fruit-veg/potatoes,old white potatoes ,0.33,SAINSBURY'S POTATOES 7.5KG,£4.00/unit,4.0,£0.53 / 1 kg,0.53,1,kg,0.53,kg,,
2015-11-12 05:00:29.156077,SAINSBURY,212360,"Potatoes, old, white",http://www.sainsburys.co.uk/shop/gb/groceries/fresh-fruit-veg/potatoes,old white potatoes ,0.0,"SAINSBURY'S POTATOES, BASICS 4KG",£1.90/unit,1.9,£0.48 / 1 kg,0.48,1,kg,0.48,kg,,
2015-11-12 05:00:29.158696,SAINSBURY,212360,"Potatoes, old, white",http://www.sainsburys.co.uk/shop/gb/groceries/fresh-fruit-veg/potatoes,old white potatoes ,0.33,SAINSBURY'S PREPARED BABY POTATOES WITH SEASONED BUTTER 385G,£1.00/unit,1.0,£2.60 / 1 kg,2.6,1,kg,2.6,kg,,
2015-11-12 05:00:29.161267,SAINSBURY,212360,"Potatoes, old, white",http://www.sainsburys.co.uk/shop/gb/groceries/fresh-fruit-veg/potatoes,old white potatoes ,0.33,"SAINSBURY'S READY TO ROAST DICED POTATOES WITH GARLIC, HERBS & ROSEMARY BUTTER 400G",£1.50/unit,1.5,£3.75 / 1 kg,3.75,1,kg,3.75,kg,,
2015-11-12 05:00:29.163703,SAINSBURY,212360,"Potatoes, old, white",http://www.sainsburys.co.uk/shop/gb/groceries/fresh-fruit-veg/potatoes,old white potatoes ,0.33,SAINSBURY'S READY TO ROAST MINI JACKET POTATOES WITH ROASTED GARLIC BUTTER 475G,£2.00/unit,2.0,£4.21 / 1 kg,4.21,1,kg,4.21,kg,,
2015-11-12 05:00:29.167335,SAINSBURY,212360,"Potatoes, old, white",http://www.sainsburys.co.uk/shop/gb/groceries/fresh-fruit-veg/potatoes,old white potatoes ,0.33,SAINSBURY'S READY TO ROAST POTATOES 800G,£2.50/unit,2.5,£3.13 / 1 kg,3.13,1,kg,3.13,kg,,
2015-11-12 05:00:29.169734,SAINSBURY,212360,"Potatoes, old, white",http://www.sainsburys.co.uk/shop/gb/groceries/fresh-fruit-veg/potatoes,old white potatoes ,0.33,SAINSBURY'S ROAST POTATOES 400G,£1.50/unit,1.5,£3.75 / 1 kg,3.75,1,kg,3.75,kg,,
2015-11-12 05:00:29.192304,SAINSBURY,212519,"Fresh Veg, Onions, per kg",http://www.sainsburys.co.uk/shop/gb/groceries/fresh-fruit-veg/onions-leeks-garlic,onions ,0.0,"SAINSBURY'S BABY LEEKS, TASTE THE DIFFERENCE 175G",£2.00/unit,2.0,£11.43 / 1 kg,11.43,1,kg,11.43,kg,,
2015-11-12 05:00:29.197339,SAINSBURY,212519,"Fresh Veg, Onions, per kg",http://www.sainsburys.co.uk/shop/gb/groceries/fresh-fruit-veg/onions-leeks-garlic,onions ,1.0,SAINSBURY'S BABY ONIONS 750G,£1.00/unit,1.0,£1.33 / 1 kg,1.33,1,kg,1.33,kg,,
2015-11-12 05:00:29.201817,SAINSBURY,212519,"Fresh Veg, Onions, per kg",http://www.sainsburys.co.uk/shop/gb/groceries/fresh-fruit-veg/onions-leeks-garlic,onions ,1.0,SAINSBURY'S DICED ONIONS 300G,£0.50/unit,0.5,£1.67 / 1 kg,1.67,1,kg,1.67,kg,,
2015-11-12 05:00:29.206246,SAINSBURY,212519,"Fresh Veg, Onions, per kg",http://www.sainsburys.co.uk/shop/gb/groceries/fresh-fruit-veg/onions-leeks-garlic,onions ,0.0,SAINSBURY'S ESCHALION SHALLOTS 400G,£1.50/unit,1.5,£3.75 / 1 kg,3.75,1,kg,3.75,kg,,
2015-11-12 05:00:29.210605,SAINSBURY,212519,"Fresh Veg, Onions, per kg",http://www.sainsburys.co.uk/shop/gb/groceries/fresh-fruit-veg/onions-leeks-garlic,onions ,1.0,SAINSBURY'S LARGE ONIONS X3,£1.00/unit,1.0,£1.67 / 1 g,1.67,1,g,1670.0,kg,,
2015-11-12 05:00:29.214787,SAINSBURY,212519,"Fresh Veg, Onions, per kg",http://www.sainsburys.co.uk/shop/gb/groceries/fresh-fruit-veg/onions-leeks-garlic,onions ,1.0,SAINSBURY'S LARGE RED ONIONS X3,£0.80/unit,0.8,£2.19 / 1 kg,2.19,1,kg,2.19,kg,,
2015-11-12 05:00:29.218778,SAINSBURY,212519,"Fresh Veg, Onions, per kg",http://www.sainsburys.co.uk/shop/gb/groceries/fresh-fruit-veg/onions-leeks-garlic,onions ,0.0,SAINSBURY'S LEEKS (LOOSE),£2.00/kg,2.0,£2.00 / 1 kg,2.0,1,kg,2.0,kg,,
2015-11-12 05:00:29.222580,SAINSBURY,212519,"Fresh Veg, Onions, per kg",http://www.sainsburys.co.uk/shop/gb/groceries/fresh-fruit-veg/onions-leeks-garlic,onions ,0.0,"SAINSBURY'S LEEKS, SO ORGANIC 400G",£2.00/unit,2.0,£5.00 / 1 kg,5.0,1,kg,5.0,kg,,
2015-11-12 05:00:29.226233,SAINSBURY,212519,"Fresh Veg, Onions, per kg",http://www.sainsburys.co.uk/shop/gb/groceries/fresh-fruit-veg/onions-leeks-garlic,onions ,0.0,"SAINSBURY'S LEEKS, TRIMMED 500G",£1.00/unit,1.0,£2.00 / 1 kg,2.0,1,kg,2.0,kg,,
2015-11-12 05:00:29.229760,SAINSBURY,212519,"Fresh Veg, Onions, per kg",http://www.sainsburys.co.uk/shop/gb/groceries/fresh-fruit-veg/onions-leeks-garlic,onions ,1.0,SAINSBURY'S ONIONS (LOOSE),£0.80/kg,0.8,£0.80 / 1 kg,0.8,1,kg,0.8,kg,,
2015-11-12 05:00:29.233143,SAINSBURY,212519,"Fresh Veg, Onions, per kg",http://www.sainsburys.co.uk/shop/gb/groceries/fresh-fruit-veg/onions-leeks-garlic,onions ,1.0,SAINSBURY'S ONIONS 1KG,£0.80/unit,0.8,£0.80 / 1 kg,0.8,1,kg,0.8,kg,,
2015-11-12 05:00:29.236301,SAINSBURY,212519,"Fresh Veg, Onions, per kg",http://www.sainsburys.co.uk/shop/gb/groceries/fresh-fruit-veg/onions-leeks-garlic,onions ,0.0,"SAINSBURY'S ONIONS, BASICS 1.5KG",£0.90/unit,0.9,£0.60 / 1 kg,0.6,1,kg,0.6,kg,,
2015-11-12 05:00:29.239312,SAINSBURY,212519,"Fresh Veg, Onions, per kg",http://www.sainsburys.co.uk/shop/gb/groceries/fresh-fruit-veg/onions-leeks-garlic,onions ,0.0,"SAINSBURY'S ONIONS, SO ORGANIC 750G",£1.00/unit,1.0,£1.33 / 1 kg,1.33,1,kg,1.33,kg,,
2015-11-12 05:00:29.242275,SAINSBURY,212519,"Fresh Veg, Onions, per kg",http://www.sainsburys.co.uk/shop/gb/groceries/fresh-fruit-veg/onions-leeks-garlic,onions ,1.0,SAINSBURY'S RED ONIONS (LOOSE),£1.00/kg,1.0,£1.00 / 1 kg,1.0,1,kg,1.0,kg,,
2015-11-12 05:00:29.245246,SAINSBURY,212519,"Fresh Veg, Onions, per kg",http://www.sainsburys.co.uk/shop/gb/groceries/fresh-fruit-veg/onions-leeks-garlic,onions ,1.0,SAINSBURY'S RED ONIONS 1KG,£1.00/unit,1.0,£1.00 / 1 g,1.0,1,g,1000.0,kg,,
2015-11-12 05:00:29.247951,SAINSBURY,212519,"Fresh Veg, Onions, per kg",http://www.sainsburys.co.uk/shop/gb/groceries/fresh-fruit-veg/onions-leeks-garlic,onions ,0.0,"SAINSBURY'S RED ONIONS, SO ORGANIC 500G",£1.00/unit,1.0,£2.00 / 1 kg,2.0,1,kg,2.0,kg,,
2015-11-12 05:00:29.250608,SAINSBURY,212519,"Fresh Veg, Onions, per kg",http://www.sainsburys.co.uk/shop/gb/groceries/fresh-fruit-veg/onions-leeks-garlic,onions ,0.0,"SAINSBURY'S SALAD ONIONS, LARGE 130G",£1.00/unit,1.0,£0.77 / 100kg,0.77,100,kg,0.0077,kg,,
2015-11-12 05:00:29.253133,SAINSBURY,212519,"Fresh Veg, Onions, per kg",http://www.sainsburys.co.uk/shop/gb/groceries/fresh-fruit-veg/onions-leeks-garlic,onions ,0.0,SAINSBURY'S SHALLOTS 400G,£1.50/unit,1.5,£3.75 / 1 g,3.75,1,g,3750.0,kg,,
2015-11-12 05:00:29.255580,SAINSBURY,212519,"Fresh Veg, Onions, per kg",http://www.sainsburys.co.uk/shop/gb/groceries/fresh-fruit-veg/onions-leeks-garlic,onions ,0.0,"SAINSBURY'S SHALLOTS, SO ORGANIC 250G",£1.00/unit,1.0,£4.00 / 1 g,4.0,1,g,4000.0,kg,,
2015-11-12 05:00:29.257948,SAINSBURY,212519,"Fresh Veg, Onions, per kg",http://www.sainsburys.co.uk/shop/gb/groceries/fresh-fruit-veg/onions-leeks-garlic,onions ,0.0,"SAINSBURY'S SPRING ONION BUNCH, SO ORGANIC 100G",£0.85/unit,0.85,£0.85 / 100g,0.85,100,g,8.5,kg,,
2015-11-12 05:00:29.260203,SAINSBURY,212519,"Fresh Veg, Onions, per kg",http://www.sainsburys.co.uk/shop/gb/groceries/fresh-fruit-veg/onions-leeks-garlic,onions ,1.0,SAINSBURY'S SPRING ONIONS 165G,£1.25/unit,1.25,£0.76 / 100kg,0.76,100,kg,0.0076,kg,,
