timestamp,store,ons_item_no,ons_item_name,product_type,search_string,search_matches,product_name,item_price_str,item_price_num,volume_price,unit_price,no_units,units,std_price,std_unit,promo,offer
2015-11-04 09:44:16.685335,SAINSBURY,310218,"Apple Cider, bottle, 4.5%-5.5% ABV",http://www.sainsburys.co.uk/shop/gb/groceries/drinks/cider,apple cider,0.5,ADDLESTONES CLOUDY CIDER 500ML,£2.00/unit,2.0,£4.00 / 1 ltr,4.0,1,ltr,4.0,l,Buy any 3 for £5.00,Buy any 3 for £5.00
2015-11-04 09:44:16.691365,SAINSBURY,310218,"Apple Cider, bottle, 4.5%-5.5% ABV",http://www.sainsburys.co.uk/shop/gb/groceries/drinks/cider,apple cider,0.0,ASPALL IMPERIAL VINTAGE 285 SUFFOLK CYDER 500ML,£2.50/unit,2.5,£5.00 / 1 ltr,5.0,1,ltr,5.0,l,,
2015-11-04 09:44:16.697294,SAINSBURY,310218,"Apple Cider, bottle, 4.5%-5.5% ABV",http://www.sainsburys.co.uk/shop/gb/groceries/drinks/cider,apple cider,0.0,ASPALL PREMIER CRU DRY CYDER 500ML,£2.00/unit,2.0,£4.00 / 1 ltr,4.0,1,ltr,4.0,l,,
2015-11-04 09:44:16.702468,SAINSBURY,310218,"Apple Cider, bottle, 4.5%-5.5% ABV",http://www.sainsburys.co.uk/shop/gb/groceries/drinks/cider,apple cider,0.0,ASPALL SUFFOLK DRAUGHT CYDER 500ML,£2.00/unit,2.0,£4.00 / 1 ltr,4.0,1,ltr,4.0,l,,
2015-11-04 09:44:16.709189,SAINSBURY,310218,"Apple Cider, bottle, 4.5%-5.5% ABV",http://www.sainsburys.co.uk/shop/gb/groceries/drinks/cider,apple cider,0.0,ASPALL SUFFOLK ORGANIC CYDER 500ML,£2.00/unit,2.0,£4.00 / 1 ltr,4.0,1,ltr,4.0,l,,
2015-11-04 09:44:16.714625,SAINSBURY,310218,"Apple Cider, bottle, 4.5%-5.5% ABV",http://www.sainsburys.co.uk/shop/gb/groceries/drinks/cider,apple cider,0.5,BULMERS BOLD BLACK CHERRY CIDER 568ML,£2.00/unit,2.0,£3.52 / 1 ltr,3.52,1,ltr,3.52,l,Buy any 3 for £5.00,Buy any 3 for £5.00
2015-11-04 09:44:16.721200,SAINSBURY,310218,"Apple Cider, bottle, 4.5%-5.5% ABV",http://www.sainsburys.co.uk/shop/gb/groceries/drinks/cider,apple cider,0.5,BULMERS BOLD BLACK CHERRY CIDER 6X568ML,£9.50/unit,9.5,£2.79 / 1 ltr,2.79,1,ltr,2.79,l,,
2015-11-04 09:44:16.725474,SAINSBURY,310218,"Apple Cider, bottle, 4.5%-5.5% ABV",http://www.sainsburys.co.uk/shop/gb/groceries/drinks/cider,apple cider,0.5,BULMERS FIVE FRUIT HARVEST CIDER 568ML,£2.00/unit,2.0,£3.52 / 1 ltr,3.52,1,ltr,3.52,l,Buy any 3 for £5.00,Buy any 3 for £5.00
2015-11-04 09:44:16.729938,SAINSBURY,310218,"Apple Cider, bottle, 4.5%-5.5% ABV",http://www.sainsburys.co.uk/shop/gb/groceries/drinks/cider,apple cider,0.5,BULMERS NO.17 CRUSHED RED BERRIES & LIME CIDER 568ML,£2.00/unit,2.0,£3.52 / 1 ltr,3.52,1,ltr,3.52,l,Buy any 3 for £5.00,Buy any 3 for £5.00
2015-11-04 09:44:16.734350,SAINSBURY,310218,"Apple Cider, bottle, 4.5%-5.5% ABV",http://www.sainsburys.co.uk/shop/gb/groceries/drinks/cider,apple cider,0.5,BULMERS NO.17 CRUSHED RED BERRIES & LIME CIDER 6X568ML,£9.50/unit,9.5,£2.79 / 1 ltr,2.79,1,ltr,2.79,l,,
2015-11-04 09:44:16.738410,SAINSBURY,310218,"Apple Cider, bottle, 4.5%-5.5% ABV",http://www.sainsburys.co.uk/shop/gb/groceries/drinks/cider,apple cider,0.5,BULMERS ORIGINAL CIDER 568ML,£2.00/unit,2.0,£3.52 / 1 ltr,3.52,1,ltr,3.52,l,Buy any 3 for £5.00,Buy any 3 for £5.00
2015-11-04 09:44:16.742618,SAINSBURY,310218,"Apple Cider, bottle, 4.5%-5.5% ABV",http://www.sainsburys.co.uk/shop/gb/groceries/drinks/cider,apple cider,0.5,BULMERS ORIGINAL CIDER 8X568ML,£10.00/unit,10.0,£2.20 / 1 ltr,2.2,1,ltr,2.2,l,Buy any 2 for £18.00,Buy any 2 for £18.00
2015-11-04 09:44:16.749575,SAINSBURY,310218,"Apple Cider, bottle, 4.5%-5.5% ABV",http://www.sainsburys.co.uk/shop/gb/groceries/drinks/cider,apple cider,0.5,BULMERS PEAR CIDER 568ML,£2.00/unit,2.0,£3.52 / 1 ltr,3.52,1,ltr,3.52,l,Buy any 3 for £5.00,Buy any 3 for £5.00
2015-11-04 09:44:16.754409,SAINSBURY,310218,"Apple Cider, bottle, 4.5%-5.5% ABV",http://www.sainsburys.co.uk/shop/gb/groceries/drinks/cider,apple cider,0.5,BULMERS PEAR CIDER 8X568ML,£10.00/unit,10.0,£2.20 / 1 ltr,2.2,1,ltr,2.2,l,Buy any 2 for £18.00,Buy any 2 for £18.00
2015-11-04 09:44:16.760659,SAINSBURY,310218,"Apple Cider, bottle, 4.5%-5.5% ABV",http://www.sainsburys.co.uk/shop/gb/groceries/drinks/cider,apple cider,0.5,BULMERS ZESTY BLOOD ORANGE CIDER 568ML,£2.00/unit,2.0,£3.52 / 1 ltr,3.52,1,ltr,3.52,l,Buy any 3 for £5.00,Buy any 3 for £5.00
2015-11-04 09:44:16.767168,SAINSBURY,310218,"Apple Cider, bottle, 4.5%-5.5% ABV",http://www.sainsburys.co.uk/shop/gb/groceries/drinks/cider,apple cider,0.5,CHAPLIN & CORK'S SOMERSET GOLD CIDER 500ML,£2.00/unit,2.0,£4.00 / 1 ltr,4.0,1,ltr,4.0,l,Buy any 3 for £5.00,Buy any 3 for £5.00
2015-11-04 09:44:16.773343,SAINSBURY,310218,"Apple Cider, bottle, 4.5%-5.5% ABV",http://www.sainsburys.co.uk/shop/gb/groceries/drinks/cider,apple cider,0.5,FROME VALLEY DRY CIDER 500ML,£2.00/unit,2.0,£4.00 / 1 ltr,4.0,1,ltr,4.0,l,Buy any 3 for £5.00,Buy any 3 for £5.00
2015-11-04 09:44:16.779376,SAINSBURY,310218,"Apple Cider, bottle, 4.5%-5.5% ABV",http://www.sainsburys.co.uk/shop/gb/groceries/drinks/cider,apple cider,0.5,HENNEY'S VINTAGE CIDER 500ML,£2.00/unit,2.0,£4.00 / 1 ltr,4.0,1,ltr,4.0,l,Buy any 3 for £5.00,Buy any 3 for £5.00
2015-11-04 09:44:16.785304,SAINSBURY,310218,"Apple Cider, bottle, 4.5%-5.5% ABV",http://www.sainsburys.co.uk/shop/gb/groceries/drinks/cider,apple cider,0.5,KOPPARBERG ALCOHOL FREE MIXED FRUIT CIDER 500ML,£1.10/unit,1.1,£2.20 / 1 ltr,2.2,1,ltr,2.2,l,,
2015-11-04 09:44:16.790863,SAINSBURY,310218,"Apple Cider, bottle, 4.5%-5.5% ABV",http://www.sainsburys.co.uk/shop/gb/groceries/drinks/cider,apple cider,0.5,KOPPARBERG ALCOHOL FREE PEAR CIDER 500ML,£1.10/unit,1.1,£2.20 / 1 ltr,2.2,1,ltr,2.2,l,,
2015-11-04 09:44:16.796039,SAINSBURY,310218,"Apple Cider, bottle, 4.5%-5.5% ABV",http://www.sainsburys.co.uk/shop/gb/groceries/drinks/cider,apple cider,0.0,KOPPARBERG ELDERFLOWER & LIME 500ML,£2.00/unit,2.0,£4.00 / 1 ltr,4.0,1,ltr,4.0,l,,
2015-11-04 09:44:16.800935,SAINSBURY,310218,"Apple Cider, bottle, 4.5%-5.5% ABV",http://www.sainsburys.co.uk/shop/gb/groceries/drinks/cider,apple cider,0.0,KOPPARBERG MIXED FRUIT 4X330ML,£5.50/unit,5.5,£4.17 / 1 ltr,4.17,1,ltr,4.17,l,,
2015-11-04 09:44:16.805313,SAINSBURY,310218,"Apple Cider, bottle, 4.5%-5.5% ABV",http://www.sainsburys.co.uk/shop/gb/groceries/drinks/cider,apple cider,0.5,KOPPARBERG MIXED FRUIT CIDER 10X330ML,£11.00/unit,11.0,£3.33 / 1 ltr,3.33,1,ltr,3.33,l,,
2015-11-04 09:44:16.808102,SAINSBURY,310218,"Apple Cider, bottle, 4.5%-5.5% ABV",http://www.sainsburys.co.uk/shop/gb/groceries/drinks/cider,apple cider,0.5,KOPPARBERG MIXED FRUIT CIDER 500ML,£2.00/unit,2.0,£4.00 / 1 ltr,4.0,1,ltr,4.0,l,,
2015-11-04 09:44:16.810760,SAINSBURY,310218,"Apple Cider, bottle, 4.5%-5.5% ABV",http://www.sainsburys.co.uk/shop/gb/groceries/drinks/cider,apple cider,0.5,KOPPARBERG PEAR CIDER 4X440ML,£4.50/unit,4.5,£2.56 / 1 ltr,2.56,1,ltr,2.56,l,,
2015-11-04 09:44:16.813209,SAINSBURY,310218,"Apple Cider, bottle, 4.5%-5.5% ABV",http://www.sainsburys.co.uk/shop/gb/groceries/drinks/cider,apple cider,0.5,KOPPARBERG PEAR PREMIUM CIDER 500ML,£2.00/unit,2.0,£4.00 / 1 ltr,4.0,1,ltr,4.0,l,,
2015-11-04 09:44:16.815535,SAINSBURY,310218,"Apple Cider, bottle, 4.5%-5.5% ABV",http://www.sainsburys.co.uk/shop/gb/groceries/drinks/cider,apple cider,0.0,KOPPARBERG STRAWBERRY & LIME 4X330ML,£5.50/unit,5.5,£4.17 / 1 ltr,4.17,1,ltr,4.17,l,,
2015-11-04 09:44:16.817686,SAINSBURY,310218,"Apple Cider, bottle, 4.5%-5.5% ABV",http://www.sainsburys.co.uk/shop/gb/groceries/drinks/cider,apple cider,0.5,KOPPARBERG STRAWBERRY & LIME CIDER 10X330ML,£11.00/unit,11.0,£3.33 / 1 ltr,3.33,1,ltr,3.33,l,,
2015-11-04 09:44:16.915974,SAINSBURY,210213,"Breakfast Cereal 1, sugar/chocolate coated",http://www.sainsburys.co.uk/shop/gb/groceries/food-cupboard/kids-cereals,,1.0,HONEY MONSTER PUFFS 320G,£2.50/unit,2.5,£0.78 / 100g,0.78,100,g,7.8,kg,,
2015-11-04 09:44:16.920854,SAINSBURY,210213,"Breakfast Cereal 1, sugar/chocolate coated",http://www.sainsburys.co.uk/shop/gb/groceries/food-cupboard/kids-cereals,,1.0,KELLOGG'S COCO POPS 295G,£2.10/unit,2.1,£0.71 / 100g,0.71,100,g,7.1,kg,,
2015-11-04 09:44:16.925629,SAINSBURY,210213,"Breakfast Cereal 1, sugar/chocolate coated",http://www.sainsburys.co.uk/shop/gb/groceries/food-cupboard/kids-cereals,,1.0,KELLOGG'S COCO POPS 800G,£3.60/unit,3.6,£0.45 / 100g,0.45,100,g,4.5,kg,,
2015-11-04 09:44:16.930552,SAINSBURY,210213,"Breakfast Cereal 1, sugar/chocolate coated",http://www.sainsburys.co.uk/shop/gb/groceries/food-cupboard/kids-cereals,,1.0,KELLOGG'S COCO POPS CEREAL 550G,£2.00/unit,2.0,£0.36 / 100g,0.36,100,g,3.6,kg,Only £2.00: Save 80p,Only £2.00: Save 80p
2015-11-04 09:44:16.935254,SAINSBURY,210213,"Breakfast Cereal 1, sugar/chocolate coated",http://www.sainsburys.co.uk/shop/gb/groceries/food-cupboard/kids-cereals,,1.0,KELLOGG'S COCO POPS PORRIDGE 7X27G,£2.00/unit,2.0,£1.06 / 100g,1.06,100,g,10.6,kg,,
2015-11-04 09:44:16.939778,SAINSBURY,210213,"Breakfast Cereal 1, sugar/chocolate coated",http://www.sainsburys.co.uk/shop/gb/groceries/food-cupboard/kids-cereals,,1.0,KELLOGG'S COCO POPS ROCKS 390G,£2.50/unit,2.5,£0.71 / 100g,0.71,100,g,7.1,kg,,
2015-11-04 09:44:16.944111,SAINSBURY,210213,"Breakfast Cereal 1, sugar/chocolate coated",http://www.sainsburys.co.uk/shop/gb/groceries/food-cupboard/kids-cereals,,1.0,KELLOGG'S DISNEY FROZEN CEREAL 350G,£2.80/unit,2.8,£0.80 / 100g,0.8,100,g,8.0,kg,,
2015-11-04 09:44:16.948272,SAINSBURY,210213,"Breakfast Cereal 1, sugar/chocolate coated",http://www.sainsburys.co.uk/shop/gb/groceries/food-cupboard/kids-cereals,,1.0,KELLOGG'S FROSTIES 500G,£2.30/unit,2.3,£0.46 / 100g,0.46,100,g,4.6,kg,,
2015-11-04 09:44:16.952565,SAINSBURY,210213,"Breakfast Cereal 1, sugar/chocolate coated",http://www.sainsburys.co.uk/shop/gb/groceries/food-cupboard/kids-cereals,,1.0,KELLOGG'S FROSTIES 750G,£2.70/unit,2.7,£0.36 / 100g,0.36,100,g,3.6,kg,,
2015-11-04 09:44:16.956710,SAINSBURY,210213,"Breakfast Cereal 1, sugar/chocolate coated",http://www.sainsburys.co.uk/shop/gb/groceries/food-cupboard/kids-cereals,,1.0,KELLOGG'S KRAVE CHOCO ROULETTE 375G,£2.80/unit,2.8,£0.75 / 100g,0.75,100,g,7.5,kg,,
2015-11-04 09:44:16.960635,SAINSBURY,210213,"Breakfast Cereal 1, sugar/chocolate coated",http://www.sainsburys.co.uk/shop/gb/groceries/food-cupboard/kids-cereals,,1.0,KELLOGG'S KRAVE CHOCOLATE HAZELNUT 375G,£2.80/unit,2.8,£0.75 / 100g,0.75,100,g,7.5,kg,,
2015-11-04 09:44:16.964766,SAINSBURY,210213,"Breakfast Cereal 1, sugar/chocolate coated",http://www.sainsburys.co.uk/shop/gb/groceries/food-cupboard/kids-cereals,,1.0,KELLOGG'S KRAVE MILK CHOCOLATE 375G,£2.80/unit,2.8,£0.75 / 100g,0.75,100,g,7.5,kg,,
2015-11-04 09:44:16.968482,SAINSBURY,210213,"Breakfast Cereal 1, sugar/chocolate coated",http://www.sainsburys.co.uk/shop/gb/groceries/food-cupboard/kids-cereals,,1.0,KELLOGG'S RICE KRISPIES 510G,£2.00/unit,2.0,£0.39 / 100g,0.39,100,g,3.9,kg,Only £2.00: Save 80p,Only £2.00: Save 80p
2015-11-04 09:44:16.972849,SAINSBURY,210213,"Breakfast Cereal 1, sugar/chocolate coated",http://www.sainsburys.co.uk/shop/gb/groceries/food-cupboard/kids-cereals,,1.0,KELLOGG'S RICE KRISPIES 700G,£3.60/unit,3.6,£0.51 / 100g,0.51,100,g,5.1,kg,,
2015-11-04 09:44:16.976959,SAINSBURY,210213,"Breakfast Cereal 1, sugar/chocolate coated",http://www.sainsburys.co.uk/shop/gb/groceries/food-cupboard/kids-cereals,,1.0,KELLOGG'S RICE KRISPIES MULTIGRAIN 350G,£2.70/unit,2.7,£0.77 / 100g,0.77,100,g,7.7,kg,,
2015-11-04 09:44:16.981423,SAINSBURY,210213,"Breakfast Cereal 1, sugar/chocolate coated",http://www.sainsburys.co.uk/shop/gb/groceries/food-cupboard/kids-cereals,,1.0,KELLOGG'S RICICLES 450G,£2.70/unit,2.7,£0.60 / 100g,0.6,100,g,6.0,kg,,
2015-11-04 09:44:16.985227,SAINSBURY,210213,"Breakfast Cereal 1, sugar/chocolate coated",http://www.sainsburys.co.uk/shop/gb/groceries/food-cupboard/kids-cereals,,1.0,KELLOGG'S VARIETY CEREAL PACK X8 185G,£2.10/unit,2.1,£1.14 / 100g,1.14,100,g,11.4,kg,,
2015-11-04 09:44:16.988696,SAINSBURY,210213,"Breakfast Cereal 1, sugar/chocolate coated",http://www.sainsburys.co.uk/shop/gb/groceries/food-cupboard/kids-cereals,,1.0,MORNFLAKE CHOCOLATEY SQUARES 500G,£2.20/unit,2.2,£0.44 / 100g,0.44,100,g,4.4,kg,,
2015-11-04 09:44:16.991923,SAINSBURY,210213,"Breakfast Cereal 1, sugar/chocolate coated",http://www.sainsburys.co.uk/shop/gb/groceries/food-cupboard/kids-cereals,,1.0,NESTLE CHEERIOS 375G,£2.50/unit,2.5,£0.67 / 100g,0.67,100,g,6.7,kg,,
2015-11-04 09:44:16.994945,SAINSBURY,210213,"Breakfast Cereal 1, sugar/chocolate coated",http://www.sainsburys.co.uk/shop/gb/groceries/food-cupboard/kids-cereals,,1.0,NESTLE CHEERIOS 600G,£2.95/unit,2.95,£0.49 / 100g,0.49,100,g,4.9,kg,,
2015-11-04 09:44:16.997884,SAINSBURY,210213,"Breakfast Cereal 1, sugar/chocolate coated",http://www.sainsburys.co.uk/shop/gb/groceries/food-cupboard/kids-cereals,,1.0,NESTLE COOKIE CRISP CEREAL 375G,£2.00/unit,2.0,£0.53 / 100g,0.53,100,g,5.3,kg,,
2015-11-04 09:44:17.000894,SAINSBURY,210213,"Breakfast Cereal 1, sugar/chocolate coated",http://www.sainsburys.co.uk/shop/gb/groceries/food-cupboard/kids-cereals,,1.0,NESTLE CURIOUSLY CINNAMON 375G,£2.50/unit,2.5,£0.67 / 100g,0.67,100,g,6.7,kg,,
2015-11-04 09:44:17.003689,SAINSBURY,210213,"Breakfast Cereal 1, sugar/chocolate coated",http://www.sainsburys.co.uk/shop/gb/groceries/food-cupboard/kids-cereals,,1.0,NESTLE GOLDEN GRAHAMS 375G,£2.50/unit,2.5,£0.67 / 100g,0.67,100,g,6.7,kg,,
2015-11-04 09:44:17.006322,SAINSBURY,210213,"Breakfast Cereal 1, sugar/chocolate coated",http://www.sainsburys.co.uk/shop/gb/groceries/food-cupboard/kids-cereals,,1.0,NESTLE GOLDEN NUGGETS 375G,£2.50/unit,2.5,£0.67 / 100g,0.67,100,g,6.7,kg,,
2015-11-04 09:44:17.009020,SAINSBURY,210213,"Breakfast Cereal 1, sugar/chocolate coated",http://www.sainsburys.co.uk/shop/gb/groceries/food-cupboard/kids-cereals,,1.0,NESTLE NESQUIK CHOCOLATE CEREAL 375G,£2.50/unit,2.5,£0.67 / 100g,0.67,100,g,6.7,kg,,
2015-11-04 09:44:17.011682,SAINSBURY,210213,"Breakfast Cereal 1, sugar/chocolate coated",http://www.sainsburys.co.uk/shop/gb/groceries/food-cupboard/kids-cereals,,1.0,NESTLE PICK-A-PACK 8 PACK,£1.80/unit,1.8,£0.63 / 100g,0.63,100,g,6.3,kg,,
2015-11-04 09:44:17.014033,SAINSBURY,210213,"Breakfast Cereal 1, sugar/chocolate coated",http://www.sainsburys.co.uk/shop/gb/groceries/food-cupboard/kids-cereals,,1.0,NESTLE SHREDDIES 1KG,£3.90/unit,3.9,£0.39 / 100g,0.39,100,g,3.9,kg,,
2015-11-04 09:44:17.016269,SAINSBURY,210213,"Breakfast Cereal 1, sugar/chocolate coated",http://www.sainsburys.co.uk/shop/gb/groceries/food-cupboard/kids-cereals,,1.0,NESTLE SHREDDIES 500G,£2.00/unit,2.0,£0.40 / 100g,0.4,100,g,4.0,kg,Only £2.00: Save 50p,Only £2.00: Save 50p
2015-11-04 09:44:17.229066,SAINSBURY,310405,"Brandy, bottle",http://www.sainsburys.co.uk/shop/gb/groceries/drinks/brandy-cognac,brandy,1.0,CARLOS III SOLERA RESERVA BRANDY 1L,£22.00/unit,22.0,£22.00 / 1 ltr,22.0,1,ltr,22.0,l,,
2015-11-04 09:44:17.239814,SAINSBURY,310405,"Brandy, bottle",http://www.sainsburys.co.uk/shop/gb/groceries/drinks/brandy-cognac,brandy,0.0,COURVOISIER COGNAC VS 35CL,£14.00/unit,14.0,£40.00 / 1 ltr,40.0,1,ltr,40.0,l,,
2015-11-04 09:44:17.244797,SAINSBURY,310405,"Brandy, bottle",http://www.sainsburys.co.uk/shop/gb/groceries/drinks/brandy-cognac,brandy,0.0,COURVOISIER COGNAC VS 70CL,£20.00/unit,20.0,£28.57 / 1 ltr,28.57,1,ltr,28.57,l,Only £20.00: Save £5.00,Only £20.00: Save £5.00
2015-11-04 09:44:17.251127,SAINSBURY,310405,"Brandy, bottle",http://www.sainsburys.co.uk/shop/gb/groceries/drinks/brandy-cognac,brandy,0.0,COURVOISIER VS COGNAC 1L,£34.00/unit,34.0,£34.00 / 1 ltr,34.0,1,ltr,34.0,l,,
2015-11-04 09:44:17.255892,SAINSBURY,310405,"Brandy, bottle",http://www.sainsburys.co.uk/shop/gb/groceries/drinks/brandy-cognac,brandy,0.0,COURVOISIER VSOP COGNAC 70CL,£25.00/unit,25.0,£35.71 / 1 ltr,35.71,1,ltr,35.71,l,Only £25.00: Save £9.00,Only £25.00: Save £9.00
2015-11-04 09:44:17.260673,SAINSBURY,310405,"Brandy, bottle",http://www.sainsburys.co.uk/shop/gb/groceries/drinks/brandy-cognac,brandy,1.0,E&J BRANDY 70CL,£17.00/unit,17.0,£24.29 / 1 ea,24.29,1,ea,24.29,each,,
2015-11-04 09:44:17.279328,SAINSBURY,310405,"Brandy, bottle",http://www.sainsburys.co.uk/shop/gb/groceries/drinks/brandy-cognac,brandy,0.0,HENNESSY FINE DE COGNAC 70CL,£38.00/unit,38.0,£54.29 / 1 ltr,54.29,1,ltr,54.29,l,,
2015-11-04 09:44:17.283851,SAINSBURY,310405,"Brandy, bottle",http://www.sainsburys.co.uk/shop/gb/groceries/drinks/brandy-cognac,brandy,0.0,MARTELL COGNAC DISCOVERY COLLECTION,£10.00/unit,10.0,£10.00 / 1 ltr,10.0,1,ltr,10.0,l,,
2015-11-04 09:44:17.288405,SAINSBURY,310405,"Brandy, bottle",http://www.sainsburys.co.uk/shop/gb/groceries/drinks/brandy-cognac,brandy,0.0,MARTELL VS COGNAC 35CL,£11.00/unit,11.0,£31.43 / 1 ltr,31.43,1,ltr,31.43,l,Only £11.00: Save £3.00,Only £11.00: Save £3.00
2015-11-04 09:44:17.295442,SAINSBURY,210214,"Breakfast Cereal 2, NOT sugar/chocolate coated",http://www.sainsburys.co.uk/shop/gb/groceries/food-cupboard/healthier-cereals,,1.0,EAT NATURAL TOASTED BUCKWHEAT MUESLI GLUTEN FREE 500G,£2.25/unit,2.25,£0.45 / 100g,0.45,100,g,4.5,kg,Only £2.25: Save 75p,Only £2.25: Save 75p
2015-11-04 09:44:17.300552,SAINSBURY,210214,"Breakfast Cereal 2, NOT sugar/chocolate coated",http://www.sainsburys.co.uk/shop/gb/groceries/food-cupboard/healthier-cereals,,1.0,GRAPE NUTS 580G,£3.00/unit,3.0,£0.52 / 100g,0.52,100,g,5.2,kg,,
2015-11-04 09:44:17.311415,SAINSBURY,310405,"Brandy, bottle",http://www.sainsburys.co.uk/shop/gb/groceries/drinks/brandy-cognac,brandy,0.0,MARTELL VS COGNAC 70CL,£20.00/unit,20.0,£28.57 / 1 ltr,28.57,1,ltr,28.57,l,Only £20.00: Save £5.00,Only £20.00: Save £5.00
2015-11-04 09:44:17.315699,SAINSBURY,310405,"Brandy, bottle",http://www.sainsburys.co.uk/shop/gb/groceries/drinks/brandy-cognac,brandy,0.0,MARTELL VSOP 35CL,£15.00/unit,15.0,£42.86 / 1 ltr,42.86,1,ltr,42.86,l,Only £15.00: Save £2.00,Only £15.00: Save £2.00
2015-11-04 09:44:17.319805,SAINSBURY,310405,"Brandy, bottle",http://www.sainsburys.co.uk/shop/gb/groceries/drinks/brandy-cognac,brandy,0.0,OBERTIN CALVADOS PAYS D'AUGE VSOP 50CL,£14.00/unit,14.0,£28.00 / 1 ltr,28.0,1,ltr,28.0,l,,
2015-11-04 09:44:17.324920,SAINSBURY,210214,"Breakfast Cereal 2, NOT sugar/chocolate coated",http://www.sainsburys.co.uk/shop/gb/groceries/food-cupboard/healthier-cereals,,1.0,KELLOGG'S ALL BRAN 750G,£2.90/unit,2.9,£0.39 / 100g,0.39,100,g,3.9,kg,,
2015-11-04 09:44:17.329619,SAINSBURY,210214,"Breakfast Cereal 2, NOT sugar/chocolate coated",http://www.sainsburys.co.uk/shop/gb/groceries/food-cupboard/healthier-cereals,,1.0,KELLOGG'S ALL BRAN FLAKES 750G,£2.90/unit,2.9,£0.39 / 100g,0.39,100,g,3.9,kg,,
2015-11-04 09:44:17.334133,SAINSBURY,210214,"Breakfast Cereal 2, NOT sugar/chocolate coated",http://www.sainsburys.co.uk/shop/gb/groceries/food-cupboard/healthier-cereals,,1.0,KELLOGG'S ALL BRAN GOLDEN CRUNCH 390G,£2.90/unit,2.9,£0.74 / 100g,0.74,100,g,7.4,kg,,
2015-11-04 09:44:17.339712,SAINSBURY,310405,"Brandy, bottle",http://www.sainsburys.co.uk/shop/gb/groceries/drinks/brandy-cognac,brandy,0.0,PAGANINI GRAPPA 50CL,£14.00/unit,14.0,£28.00 / 1 ltr,28.0,1,ltr,28.0,l,,
2015-11-04 09:44:17.343495,SAINSBURY,310405,"Brandy, bottle",http://www.sainsburys.co.uk/shop/gb/groceries/drinks/brandy-cognac,brandy,0.0,"REMY MARTIN COGNAC, V.S.O.P. 70CL",£34.00/unit,34.0,£48.57 / 1 ltr,48.57,1,ltr,48.57,l,,
2015-11-04 09:44:17.347104,SAINSBURY,310405,"Brandy, bottle",http://www.sainsburys.co.uk/shop/gb/groceries/drinks/brandy-cognac,brandy,1.0,SAINSBURY'S 3 YEAR OLD FRENCH BRANDY 1L,£17.00/unit,17.0,£17.00 / 1 ltr,17.0,1,ltr,17.0,l,,
2015-11-04 09:44:17.351583,SAINSBURY,210214,"Breakfast Cereal 2, NOT sugar/chocolate coated",http://www.sainsburys.co.uk/shop/gb/groceries/food-cupboard/healthier-cereals,,1.0,KELLOGG'S ALL-BRAN 500G,£2.10/unit,2.1,£0.42 / 100g,0.42,100,g,4.2,kg,,
2015-11-04 09:44:17.355931,SAINSBURY,210214,"Breakfast Cereal 2, NOT sugar/chocolate coated",http://www.sainsburys.co.uk/shop/gb/groceries/food-cupboard/healthier-cereals,,1.0,KELLOGG'S BRAN FLAKES 500G,£2.10/unit,2.1,£0.42 / 100g,0.42,100,g,4.2,kg,,
2015-11-04 09:44:17.360175,SAINSBURY,210214,"Breakfast Cereal 2, NOT sugar/chocolate coated",http://www.sainsburys.co.uk/shop/gb/groceries/food-cupboard/healthier-cereals,,1.0,KELLOGG'S FROSTED WHEATS 500G,£2.70/unit,2.7,£0.54 / 100g,0.54,100,g,5.4,kg,,
2015-11-04 09:44:17.392632,SAINSBURY,310405,"Brandy, bottle",http://www.sainsburys.co.uk/shop/gb/groceries/drinks/brandy-cognac,brandy,1.0,SAINSBURY'S 3 YEAR OLD FRENCH BRANDY 35CL,£7.00/unit,7.0,£20.00 / 1 ltr,20.0,1,ltr,20.0,l,,
2015-11-04 09:44:17.396191,SAINSBURY,310405,"Brandy, bottle",http://www.sainsburys.co.uk/shop/gb/groceries/drinks/brandy-cognac,brandy,1.0,SAINSBURY'S 3 YEAR OLD FRENCH BRANDY 70CL,£12.50/unit,12.5,£17.86 / 1 ltr,17.86,1,ltr,17.86,l,,
2015-11-04 09:44:17.399504,SAINSBURY,310405,"Brandy, bottle",http://www.sainsburys.co.uk/shop/gb/groceries/drinks/brandy-cognac,brandy,0.0,"SAINSBURY'S ARMAGNAC, TASTE THE DIFFERENCE 50CL",£22.00/unit,22.0,£44.00 / 1 ltr,44.0,1,ltr,44.0,l,,
2015-11-04 09:44:17.403880,SAINSBURY,210214,"Breakfast Cereal 2, NOT sugar/chocolate coated",http://www.sainsburys.co.uk/shop/gb/groceries/food-cupboard/healthier-cereals,,1.0,KELLOGG'S FRUIT 'N' FIBRE CEREAL 500G,£2.70/unit,2.7,£0.54 / 100g,0.54,100,g,5.4,kg,,
2015-11-04 09:44:17.408069,SAINSBURY,210214,"Breakfast Cereal 2, NOT sugar/chocolate coated",http://www.sainsburys.co.uk/shop/gb/groceries/food-cupboard/healthier-cereals,,1.0,KELLOGG'S FRUIT 'N' FIBRE CEREAL 750G,£3.00/unit,3.0,£0.40 / 100g,0.4,100,g,4.0,kg,,
2015-11-04 09:44:17.412069,SAINSBURY,210214,"Breakfast Cereal 2, NOT sugar/chocolate coated",http://www.sainsburys.co.uk/shop/gb/groceries/food-cupboard/healthier-cereals,,1.0,KELLOGG'S GLUTEN FREE PUFFED CORN CEREAL 300G,£3.00/unit,3.0,£1.00 / 100g,1.0,100,g,10.0,kg,,
2015-11-04 09:44:17.420220,SAINSBURY,211501,"Cheese Cheddar, home produced, per kg",http://www.sainsburys.co.uk/shop/gb/groceries/dairy-eggs-chilled/cheddar-british-regional-cheese,british cheddar ,0.0,APPLEWOOD SLICES 160G,£1.50/unit,1.5,£9.37 / 1 kg,9.37,1,kg,9.37,kg,Only £1.50: Save 30p,Only £1.50: Save 30p
2015-11-04 09:44:17.425622,SAINSBURY,211501,"Cheese Cheddar, home produced, per kg",http://www.sainsburys.co.uk/shop/gb/groceries/dairy-eggs-chilled/cheddar-british-regional-cheese,british cheddar ,0.5,CATHEDRAL CITY CARAMELISED ONION CHEDDAR 180G,£2.00/unit,2.0,£11.11 / 1 kg,11.11,1,kg,11.11,kg,,
2015-11-04 09:44:17.432875,SAINSBURY,310405,"Brandy, bottle",http://www.sainsburys.co.uk/shop/gb/groceries/drinks/brandy-cognac,brandy,0.0,"SAINSBURY'S BRANDY, BASICS 70CL",£11.50/unit,11.5,£16.43 / 1 ltr,16.43,1,ltr,16.43,l,,
2015-11-04 09:44:17.436034,SAINSBURY,310405,"Brandy, bottle",http://www.sainsburys.co.uk/shop/gb/groceries/drinks/brandy-cognac,brandy,0.0,"SAINSBURY'S CALVADOS PAYS D'AUGE XO 12 YRS, TASTE THE DIFFERENCE 50CL",£20.00/unit,20.0,£40.00 / 1 ltr,40.0,1,ltr,40.0,l,,
2015-11-04 09:44:17.438947,SAINSBURY,310405,"Brandy, bottle",http://www.sainsburys.co.uk/shop/gb/groceries/drinks/brandy-cognac,brandy,0.0,"SAINSBURY'S KIRSCH, TASTE THE DIFFERENCE 35CL",£12.00/unit,12.0,£34.29 / 1 ltr,34.29,1,ltr,34.29,l,,
2015-11-04 09:44:17.441839,SAINSBURY,310405,"Brandy, bottle",http://www.sainsburys.co.uk/shop/gb/groceries/drinks/brandy-cognac,brandy,1.0,SAINSBURY'S SPANISH BRANDY 70CL,£12.50/unit,12.5,£17.86 / 1 ltr,17.86,1,ltr,17.86,l,,
2015-11-04 09:44:17.445890,SAINSBURY,210214,"Breakfast Cereal 2, NOT sugar/chocolate coated",http://www.sainsburys.co.uk/shop/gb/groceries/food-cupboard/healthier-cereals,,1.0,KELLOGG'S JUST RIGHT CEREAL 500G,£2.00/unit,2.0,£0.40 / 100g,0.4,100,g,4.0,kg,Only £2.00: Save £1.00,Only £2.00: Save £1.00
2015-11-04 09:44:17.449800,SAINSBURY,210214,"Breakfast Cereal 2, NOT sugar/chocolate coated",http://www.sainsburys.co.uk/shop/gb/groceries/food-cupboard/healthier-cereals,,1.0,KELLOGG'S RAISIN WHEATS 500G,£2.70/unit,2.7,£0.54 / 100g,0.54,100,g,5.4,kg,,
2015-11-04 09:44:17.453517,SAINSBURY,210214,"Breakfast Cereal 2, NOT sugar/chocolate coated",http://www.sainsburys.co.uk/shop/gb/groceries/food-cupboard/healthier-cereals,,1.0,KELLOGG'S SPECIAL K 370G,£2.50/unit,2.5,£0.68 / 100g,0.68,100,g,6.8,kg,,
2015-11-04 09:44:17.458619,SAINSBURY,211501,"Cheese Cheddar, home produced, per kg",http://www.sainsburys.co.uk/shop/gb/groceries/dairy-eggs-chilled/cheddar-british-regional-cheese,british cheddar ,0.5,CATHEDRAL CITY EXTRA MATURE CHEDDAR 350G,£3.50/unit,3.5,£10.00 / 1 kg,10.0,1,kg,10.0,kg,,
2015-11-04 09:44:17.463545,SAINSBURY,211501,"Cheese Cheddar, home produced, per kg",http://www.sainsburys.co.uk/shop/gb/groceries/dairy-eggs-chilled/cheddar-british-regional-cheese,british cheddar ,0.5,CATHEDRAL CITY EXTRA MATURE CHEDDAR 550G,£4.00/unit,4.0,£7.27 / 1 kg,7.27,1,kg,7.27,kg,Only £4.00: Save £1.20,Only £4.00: Save £1.20
2015-11-04 09:44:17.495310,SAINSBURY,310405,"Brandy, bottle",http://www.sainsburys.co.uk/shop/gb/groceries/drinks/brandy-cognac,brandy,0.0,SAINSBURY'S VS GRAND CRU COGNAC 70CL,£17.00/unit,17.0,£24.29 / 1 ltr,24.29,1,ltr,24.29,l,,
2015-11-04 09:44:17.498011,SAINSBURY,310405,"Brandy, bottle",http://www.sainsburys.co.uk/shop/gb/groceries/drinks/brandy-cognac,brandy,0.0,SAINSBURY'S VSOP GRAND CRU COGNAC 70CL,£22.00/unit,22.0,£31.43 / 1 ltr,31.43,1,ltr,31.43,l,,
2015-11-04 09:44:17.500536,SAINSBURY,310405,"Brandy, bottle",http://www.sainsburys.co.uk/shop/gb/groceries/drinks/brandy-cognac,brandy,0.0,"SAINSBURY'S XO BRANDY, TASTE THE DIFFERENCE 70CL",£17.00/unit,17.0,£24.29 / 1 ltr,24.29,1,ltr,24.29,l,,
2015-11-04 09:44:17.502919,SAINSBURY,310405,"Brandy, bottle",http://www.sainsburys.co.uk/shop/gb/groceries/drinks/brandy-cognac,brandy,0.0,"SAINSBURY'S XO COGNAC, TASTE THE DIFFERENCE 50CL",£22.00/unit,22.0,£44.00 / 1 ltr,44.0,1,ltr,44.0,l,,
2015-11-04 09:44:17.506645,SAINSBURY,210214,"Breakfast Cereal 2, NOT sugar/chocolate coated",http://www.sainsburys.co.uk/shop/gb/groceries/food-cupboard/healthier-cereals,,1.0,KELLOGG'S SPECIAL K 750G,£4.00/unit,4.0,£0.53 / 100g,0.53,100,g,5.3,kg,,
2015-11-04 09:44:17.510121,SAINSBURY,210214,"Breakfast Cereal 2, NOT sugar/chocolate coated",http://www.sainsburys.co.uk/shop/gb/groceries/food-cupboard/healthier-cereals,,1.0,KELLOGG'S SPECIAL K FRUIT & NUT 410G,£3.00/unit,3.0,£0.73 / 100g,0.73,100,g,7.3,kg,,
2015-11-04 09:44:17.513517,SAINSBURY,210214,"Breakfast Cereal 2, NOT sugar/chocolate coated",http://www.sainsburys.co.uk/shop/gb/groceries/food-cupboard/healthier-cereals,,1.0,KELLOGG'S SPECIAL K OATS & HONEY 420G,£3.00/unit,3.0,£0.71 / 100g,0.71,100,g,7.1,kg,,
2015-11-04 09:44:17.518274,SAINSBURY,211501,"Cheese Cheddar, home produced, per kg",http://www.sainsburys.co.uk/shop/gb/groceries/dairy-eggs-chilled/cheddar-british-regional-cheese,british cheddar ,0.5,CATHEDRAL CITY LIGHTER CHEDDAR 350G,£3.50/unit,3.5,£10.00 / 1 kg,10.0,1,kg,10.0,kg,,
2015-11-04 09:44:17.522776,SAINSBURY,211501,"Cheese Cheddar, home produced, per kg",http://www.sainsburys.co.uk/shop/gb/groceries/dairy-eggs-chilled/cheddar-british-regional-cheese,british cheddar ,0.5,CATHEDRAL CITY LIGHTER CHEDDAR 550G,£4.00/unit,4.0,£7.27 / 1 kg,7.27,1,kg,7.27,kg,Only £4.00: Save £1.20,Only £4.00: Save £1.20
2015-11-04 09:44:17.527352,SAINSBURY,211501,"Cheese Cheddar, home produced, per kg",http://www.sainsburys.co.uk/shop/gb/groceries/dairy-eggs-chilled/cheddar-british-regional-cheese,british cheddar ,0.5,CATHEDRAL CITY LIGHTER MATURE CHEDDAR SLICES 150G,£2.00/unit,2.0,£13.33 / 1 kg,13.33,1,kg,13.33,kg,,
2015-11-04 09:44:17.534660,SAINSBURY,310207,"Bitter, 4 cans, 3.4%-7.5% ABV",http://www.sainsburys.co.uk/shop/gb/groceries/drinks/ale-stout,bitter,0.0,ADNAMS BROADSIDE ALE 500ML,£2.00/unit,2.0,£4.00 / 1 ltr,4.0,1,ltr,4.0,l,,
2015-11-04 09:44:17.539492,SAINSBURY,310207,"Bitter, 4 cans, 3.4%-7.5% ABV",http://www.sainsburys.co.uk/shop/gb/groceries/drinks/ale-stout,bitter,1.0,ADNAMS SOUTHWOLD BITTER 500ML (4.5% ABV),£2.00/unit,2.0,£4.00 / 1 ltr,4.0,1,ltr,4.0,l,,
2015-11-04 09:44:17.545099,SAINSBURY,210204,"Dry Spaghetti or pasta, 500g",http://www.sainsburys.co.uk/shop/gb/groceries/food-cupboard/pasta,500g,0.0,DE CECCO EGG FETTUCINE 250G,£1.55/unit,1.55,£6.20 / 1 kg,6.2,1,kg,6.2,kg,,
2015-11-04 09:44:17.549969,SAINSBURY,210204,"Dry Spaghetti or pasta, 500g",http://www.sainsburys.co.uk/shop/gb/groceries/food-cupboard/pasta,500g,1.0,DE CECCO FUSILLI 500G,£1.55/unit,1.55,£3.10 / 1 kg,3.1,1,kg,3.1,kg,,
2015-11-04 09:44:17.553389,SAINSBURY,310405,"Brandy, bottle",http://www.sainsburys.co.uk/shop/gb/groceries/drinks/brandy-cognac,brandy,0.0,THREE BARRELS HONEY 70CL,£14.00/unit,14.0,£20.00 / 1 ltr,20.0,1,ltr,20.0,l,Only £14.00: Save £3.00,Only £14.00: Save £3.00
2015-11-04 09:44:17.555780,SAINSBURY,310405,"Brandy, bottle",http://www.sainsburys.co.uk/shop/gb/groceries/drinks/brandy-cognac,brandy,1.0,THREE BARRELS VSOP BRANDY 1L,£22.00/unit,22.0,£22.00 / 1 ltr,22.0,1,ltr,22.0,l,,
2015-11-04 09:44:17.564501,SAINSBURY,210214,"Breakfast Cereal 2, NOT sugar/chocolate coated",http://www.sainsburys.co.uk/shop/gb/groceries/food-cupboard/healthier-cereals,,1.0,KELLOGG'S SPECIAL K ORIGINAL 500G,£3.00/unit,3.0,£0.60 / 100g,0.6,100,g,6.0,kg,,
2015-11-04 09:44:17.567641,SAINSBURY,210214,"Breakfast Cereal 2, NOT sugar/chocolate coated",http://www.sainsburys.co.uk/shop/gb/groceries/food-cupboard/healthier-cereals,,1.0,KELLOGG'S SPECIAL K PEACH & APRICOT 360G,£3.00/unit,3.0,£0.83 / 100g,0.83,100,g,8.3,kg,,
2015-11-04 09:44:17.570697,SAINSBURY,210214,"Breakfast Cereal 2, NOT sugar/chocolate coated",http://www.sainsburys.co.uk/shop/gb/groceries/food-cupboard/healthier-cereals,,1.0,KELLOGG'S SPECIAL K PROTEIN CRUNCH 390G,£3.50/unit,3.5,£0.90 / 100g,0.9,100,g,9.0,kg,,
2015-11-04 09:44:17.573708,SAINSBURY,210214,"Breakfast Cereal 2, NOT sugar/chocolate coated",http://www.sainsburys.co.uk/shop/gb/groceries/food-cupboard/healthier-cereals,,1.0,KELLOGG'S SPECIAL K RED BERRIES 360G,£3.00/unit,3.0,£0.83 / 100g,0.83,100,g,8.3,kg,,
2015-11-04 09:44:17.578278,SAINSBURY,211501,"Cheese Cheddar, home produced, per kg",http://www.sainsburys.co.uk/shop/gb/groceries/dairy-eggs-chilled/cheddar-british-regional-cheese,british cheddar ,0.5,CATHEDRAL CITY MATURE CHEDDAR 200G,£2.75/unit,2.75,£13.75 / 1 kg,13.75,1,kg,13.75,kg,,
2015-11-04 09:44:17.582593,SAINSBURY,211501,"Cheese Cheddar, home produced, per kg",http://www.sainsburys.co.uk/shop/gb/groceries/dairy-eggs-chilled/cheddar-british-regional-cheese,british cheddar ,0.5,CATHEDRAL CITY MATURE CHEDDAR 350G,£3.50/unit,3.5,£10.00 / 1 kg,10.0,1,kg,10.0,kg,,
2015-11-04 09:44:17.586734,SAINSBURY,211501,"Cheese Cheddar, home produced, per kg",http://www.sainsburys.co.uk/shop/gb/groceries/dairy-eggs-chilled/cheddar-british-regional-cheese,british cheddar ,0.5,CATHEDRAL CITY MATURE CHEDDAR 550G,£4.00/unit,4.0,£7.27 / 1 kg,7.27,1,kg,7.27,kg,Only £4.00: Save £1.20,Only £4.00: Save £1.20
2015-11-04 09:44:17.591910,SAINSBURY,310207,"Bitter, 4 cans, 3.4%-7.5% ABV",http://www.sainsburys.co.uk/shop/gb/groceries/drinks/ale-stout,bitter,0.0,ADNAMS SPINDRIFT 330ML,£1.75/unit,1.75,£5.30 / 1 ltr,5.3,1,ltr,5.3,l,,
2015-11-04 09:44:17.596688,SAINSBURY,310207,"Bitter, 4 cans, 3.4%-7.5% ABV",http://www.sainsburys.co.uk/shop/gb/groceries/drinks/ale-stout,bitter,0.0,BACCHUS FRAMBOISE RASPBERRY BEER 375ML,£2.50/unit,2.5,£6.67 / 1 ltr,6.67,1,ltr,6.67,l,,
2015-11-04 09:44:17.601241,SAINSBURY,310207,"Bitter, 4 cans, 3.4%-7.5% ABV",http://www.sainsburys.co.uk/shop/gb/groceries/drinks/ale-stout,bitter,0.0,BADGER BLANDFORD FLYER ALE 500ML,£2.00/unit,2.0,£4.00 / 1 ltr,4.0,1,ltr,4.0,l,,
2015-11-04 09:44:17.606201,SAINSBURY,210204,"Dry Spaghetti or pasta, 500g",http://www.sainsburys.co.uk/shop/gb/groceries/food-cupboard/pasta,500g,1.0,DE CECCO GNOCCHI DI PATATE 500G,£2.30/unit,2.3,£4.60 / 1 kg,4.6,1,kg,4.6,kg,,
2015-11-04 09:44:17.610873,SAINSBURY,210204,"Dry Spaghetti or pasta, 500g",http://www.sainsburys.co.uk/shop/gb/groceries/food-cupboard/pasta,500g,1.0,DE CECCO LINGUINE 500G,£1.55/unit,1.55,£3.10 / 1 kg,3.1,1,kg,3.1,kg,,
2015-11-04 09:44:17.615444,SAINSBURY,210204,"Dry Spaghetti or pasta, 500g",http://www.sainsburys.co.uk/shop/gb/groceries/food-cupboard/pasta,500g,1.0,DE CECCO PENNE RIGATE 500G,£1.55/unit,1.55,£3.10 / 1 kg,3.1,1,kg,3.1,kg,,
2015-11-04 09:44:17.627729,SAINSBURY,210214,"Breakfast Cereal 2, NOT sugar/chocolate coated",http://www.sainsburys.co.uk/shop/gb/groceries/food-cupboard/healthier-cereals,,1.0,KELLOGG'S SPECIAL K RED BERRIES 500G,£4.00/unit,4.0,£0.80 / 100g,0.8,100,g,8.0,kg,,
2015-11-04 09:44:17.630489,SAINSBURY,210214,"Breakfast Cereal 2, NOT sugar/chocolate coated",http://www.sainsburys.co.uk/shop/gb/groceries/food-cupboard/healthier-cereals,,1.0,KELLOGG'S SULTANA BRAN 500G,£2.90/unit,2.9,£0.58 / 100g,0.58,100,g,5.8,kg,,
2015-11-04 09:44:17.633228,SAINSBURY,210214,"Breakfast Cereal 2, NOT sugar/chocolate coated",http://www.sainsburys.co.uk/shop/gb/groceries/food-cupboard/healthier-cereals,,1.0,MORNFLAKE CHOCOLATE ORANGE SQUARES 375G,£2.20/unit,2.2,£0.59 / 100g,0.59,100,g,5.9,kg,,
2015-11-04 09:44:17.635791,SAINSBURY,210214,"Breakfast Cereal 2, NOT sugar/chocolate coated",http://www.sainsburys.co.uk/shop/gb/groceries/food-cupboard/healthier-cereals,,1.0,NAIRN'S GLUTEN FREE SCOTTISH PORRIDGE OATS 450G,£2.00/unit,2.0,£0.44 / 100g,0.44,100,g,4.4,kg,,
2015-11-04 09:44:17.640116,SAINSBURY,211501,"Cheese Cheddar, home produced, per kg",http://www.sainsburys.co.uk/shop/gb/groceries/dairy-eggs-chilled/cheddar-british-regional-cheese,british cheddar ,0.5,CATHEDRAL CITY MATURE CHEDDAR MINIS 120G,£1.65/unit,1.65,£13.75 / 1 kg,13.75,1,kg,13.75,kg,,
2015-11-04 09:44:17.644002,SAINSBURY,211501,"Cheese Cheddar, home produced, per kg",http://www.sainsburys.co.uk/shop/gb/groceries/dairy-eggs-chilled/cheddar-british-regional-cheese,british cheddar ,0.5,CATHEDRAL CITY MATURE CHEDDAR SLICES 150G,£2.00/unit,2.0,£13.33 / 1 kg,13.33,1,kg,13.33,kg,,
2015-11-04 09:44:17.647713,SAINSBURY,211501,"Cheese Cheddar, home produced, per kg",http://www.sainsburys.co.uk/shop/gb/groceries/dairy-eggs-chilled/cheddar-british-regional-cheese,british cheddar ,0.5,CATHEDRAL CITY MATURE GRATED CHEDDAR 180G,£2.00/unit,2.0,£11.11 / 1 kg,11.11,1,kg,11.11,kg,,
2015-11-04 09:44:17.652441,SAINSBURY,310207,"Bitter, 4 cans, 3.4%-7.5% ABV",http://www.sainsburys.co.uk/shop/gb/groceries/drinks/ale-stout,bitter,0.0,BADGER FIRST CALL 500ML (4% ABV),£2.00/unit,2.0,£4.00 / 1 ltr,4.0,1,ltr,4.0,l,Buy any 3 for £5.00,Buy any 3 for £5.00
2015-11-04 09:44:17.656989,SAINSBURY,310207,"Bitter, 4 cans, 3.4%-7.5% ABV",http://www.sainsburys.co.uk/shop/gb/groceries/drinks/ale-stout,bitter,0.0,BADGER FURSTY FERRET 500ML (4.4%),£2.00/unit,2.0,£4.00 / 1 ltr,4.0,1,ltr,4.0,l,Buy any 3 for £5.00,Buy any 3 for £5.00
2015-11-04 09:44:17.661361,SAINSBURY,310207,"Bitter, 4 cans, 3.4%-7.5% ABV",http://www.sainsburys.co.uk/shop/gb/groceries/drinks/ale-stout,bitter,0.0,BADGER GOLDEN CHAMPION ALE 500ML,£2.00/unit,2.0,£4.00 / 1 ltr,4.0,1,ltr,4.0,l,Buy any 3 for £5.00,Buy any 3 for £5.00
2015-11-04 09:44:17.666110,SAINSBURY,210204,"Dry Spaghetti or pasta, 500g",http://www.sainsburys.co.uk/shop/gb/groceries/food-cupboard/pasta,500g,1.0,DE CECCO SPAGHETTI 500G,£1.55/unit,1.55,£3.10 / 1 g,3.1,1,g,3100.0,kg,,
2015-11-04 09:44:17.670482,SAINSBURY,210204,"Dry Spaghetti or pasta, 500g",http://www.sainsburys.co.uk/shop/gb/groceries/food-cupboard/pasta,500g,1.0,DE CECCO TORTIGLIONI PASTA 500G,£1.55/unit,1.55,£3.10 / 1 kg,3.1,1,kg,3.1,kg,,
2015-11-04 09:44:17.674827,SAINSBURY,210204,"Dry Spaghetti or pasta, 500g",http://www.sainsburys.co.uk/shop/gb/groceries/food-cupboard/pasta,500g,0.0,DOLMIO PASTA POUCH SHELLS 200G,£1.00/unit,1.0,£0.50 / 100kg,0.5,100,kg,0.005,kg,Only £1.00: Save 40p,Only £1.00: Save 40p
2015-11-04 09:44:17.685115,SAINSBURY,210214,"Breakfast Cereal 2, NOT sugar/chocolate coated",http://www.sainsburys.co.uk/shop/gb/groceries/food-cupboard/healthier-cereals,,1.0,NATURE'S PATH GLUTEN FREE CRISPY RICE 284G,£3.00/unit,3.0,£1.06 / 100g,1.06,100,g,10.6,kg,,
2015-11-04 09:44:17.687470,SAINSBURY,210214,"Breakfast Cereal 2, NOT sugar/chocolate coated",http://www.sainsburys.co.uk/shop/gb/groceries/food-cupboard/healthier-cereals,,1.0,NATURE'S STORE HIGH PROTEIN CEREAL 300G,£3.50/unit,3.5,£1.17 / 100g,1.17,100,g,11.7,kg,,
2015-11-04 09:44:17.689679,SAINSBURY,210214,"Breakfast Cereal 2, NOT sugar/chocolate coated",http://www.sainsburys.co.uk/shop/gb/groceries/food-cupboard/healthier-cereals,,1.0,NESTLE HONEY NUT SHREDDED WHEAT 500G,£2.50/unit,2.5,£0.50 / 100g,0.5,100,g,5.0,kg,,
2015-11-04 09:44:17.696359,SAINSBURY,211501,"Cheese Cheddar, home produced, per kg",http://www.sainsburys.co.uk/shop/gb/groceries/dairy-eggs-chilled/cheddar-british-regional-cheese,british cheddar ,0.5,CATHEDRAL CITY MILD CHEDDAR 350G,£3.50/unit,3.5,£10.00 / 1 kg,10.0,1,kg,10.0,kg,,
2015-11-04 09:44:17.699920,SAINSBURY,211501,"Cheese Cheddar, home produced, per kg",http://www.sainsburys.co.uk/shop/gb/groceries/dairy-eggs-chilled/cheddar-british-regional-cheese,british cheddar ,0.5,CATHEDRAL CITY MILD CHEDDAR 550G,£4.00/unit,4.0,£7.27 / 1 kg,7.27,1,kg,7.27,kg,Only £4.00: Save £1.20,Only £4.00: Save £1.20
2015-11-04 09:44:17.703494,SAINSBURY,211501,"Cheese Cheddar, home produced, per kg",http://www.sainsburys.co.uk/shop/gb/groceries/dairy-eggs-chilled/cheddar-british-regional-cheese,british cheddar ,0.5,CATHEDRAL CITY SELECTIONS VARIETY CHEDDAR 168G,£3.00/unit,3.0,£17.86 / 1 kg,17.86,1,kg,17.86,kg,,
2015-11-04 09:44:17.707816,SAINSBURY,310207,"Bitter, 4 cans, 3.4%-7.5% ABV",http://www.sainsburys.co.uk/shop/gb/groceries/drinks/ale-stout,bitter,0.0,BADGER GOLDEN GLORY ALE 500ML,£2.00/unit,2.0,£4.00 / 1 ltr,4.0,1,ltr,4.0,l,,
2015-11-04 09:44:17.711880,SAINSBURY,310207,"Bitter, 4 cans, 3.4%-7.5% ABV",http://www.sainsburys.co.uk/shop/gb/groceries/drinks/ale-stout,bitter,0.0,BADGER HOPPING HARE 500ML,£1.25/unit,1.25,£2.50 / 1 ltr,2.5,1,ltr,2.5,l,Only £1.25: Save 75p,Only £1.25: Save 75p
2015-11-04 09:44:17.716022,SAINSBURY,310207,"Bitter, 4 cans, 3.4%-7.5% ABV",http://www.sainsburys.co.uk/shop/gb/groceries/drinks/ale-stout,bitter,0.0,BADGER POACHERS CHOICE ALE 500ML,£2.00/unit,2.0,£4.00 / 1 ltr,4.0,1,ltr,4.0,l,,
2015-11-04 09:44:17.720388,SAINSBURY,210204,"Dry Spaghetti or pasta, 500g",http://www.sainsburys.co.uk/shop/gb/groceries/food-cupboard/pasta,500g,1.0,NAPOLINA BRONZE DIE FUSILLI 500G,£1.55/unit,1.55,£3.10 / 1 kg,3.1,1,kg,3.1,kg,,
2015-11-04 09:44:17.724617,SAINSBURY,210204,"Dry Spaghetti or pasta, 500g",http://www.sainsburys.co.uk/shop/gb/groceries/food-cupboard/pasta,500g,1.0,NAPOLINA BRONZE DIE PENNE 500G,£1.55/unit,1.55,£3.10 / 1 kg,3.1,1,kg,3.1,kg,,
2015-11-04 09:44:17.728999,SAINSBURY,210204,"Dry Spaghetti or pasta, 500g",http://www.sainsburys.co.uk/shop/gb/groceries/food-cupboard/pasta,500g,1.0,NAPOLINA BRONZE DIE SPAGHETTI 500G,£1.55/unit,1.55,£3.10 / 1 kg,3.1,1,kg,3.1,kg,,
2015-11-04 09:44:17.760149,SAINSBURY,211501,"Cheese Cheddar, home produced, per kg",http://www.sainsburys.co.uk/shop/gb/groceries/dairy-eggs-chilled/cheddar-british-regional-cheese,british cheddar ,0.5,CATHEDRAL CITY SMOKED FLAVOURED CHEDDAR 180G,£2.00/unit,2.0,£11.11 / 1 g,11.11,1,g,11110.0,kg,,
2015-11-04 09:44:17.763586,SAINSBURY,211501,"Cheese Cheddar, home produced, per kg",http://www.sainsburys.co.uk/shop/gb/groceries/dairy-eggs-chilled/cheddar-british-regional-cheese,british cheddar ,0.5,CATHEDRAL CITY VINTAGE CHEDDAR 300G,£3.50/unit,3.5,£11.67 / 1 g,11.67,1,g,11670.0,kg,,
2015-11-04 09:44:17.766770,SAINSBURY,211501,"Cheese Cheddar, home produced, per kg",http://www.sainsburys.co.uk/shop/gb/groceries/dairy-eggs-chilled/cheddar-british-regional-cheese,british cheddar ,0.0,CHEVINGTON GRATED LIGHT CHEESE 400G,£4.00/unit,4.0,£1.00 / 100g,1.0,100,g,10.0,kg,,
2015-11-04 09:44:17.770894,SAINSBURY,310207,"Bitter, 4 cans, 3.4%-7.5% ABV",http://www.sainsburys.co.uk/shop/gb/groceries/drinks/ale-stout,bitter,0.0,BADGER SETT MIXED PACK 4X500ML,£6.00/unit,6.0,£3.00 / 1 ltr,3.0,1,ltr,3.0,l,,
2015-11-04 09:44:17.774743,SAINSBURY,310207,"Bitter, 4 cans, 3.4%-7.5% ABV",http://www.sainsburys.co.uk/shop/gb/groceries/drinks/ale-stout,bitter,0.0,BADGER TANGLEFOOT ALE 500ML,£2.00/unit,2.0,£4.00 / 1 ltr,4.0,1,ltr,4.0,l,Buy any 3 for £5.00,Buy any 3 for £5.00
2015-11-04 09:44:17.778508,SAINSBURY,310207,"Bitter, 4 cans, 3.4%-7.5% ABV",http://www.sainsburys.co.uk/shop/gb/groceries/drinks/ale-stout,bitter,0.0,BADGERS TANGLEFOOT ALE 4X500ML,£5.50/unit,5.5,£2.75 / 1 ltr,2.75,1,ltr,2.75,l,,
2015-11-04 09:44:17.782584,SAINSBURY,210204,"Dry Spaghetti or pasta, 500g",http://www.sainsburys.co.uk/shop/gb/groceries/food-cupboard/pasta,500g,1.0,NAPOLINA BRONZE DIE TORTIGLIONI 500G,£1.55/unit,1.55,£3.10 / 1 kg,3.1,1,kg,3.1,kg,,
2015-11-04 09:44:17.786505,SAINSBURY,210204,"Dry Spaghetti or pasta, 500g",http://www.sainsburys.co.uk/shop/gb/groceries/food-cupboard/pasta,500g,1.0,NAPOLINA CONCHIGLIE 500G,£1.55/unit,1.55,£3.10 / 1 kg,3.1,1,kg,3.1,kg,,
2015-11-04 09:44:17.790279,SAINSBURY,210204,"Dry Spaghetti or pasta, 500g",http://www.sainsburys.co.uk/shop/gb/groceries/food-cupboard/pasta,500g,1.0,NAPOLINA FARFALLE 500G,£1.55/unit,1.55,£3.10 / 1 kg,3.1,1,kg,3.1,kg,,
2015-11-04 09:44:17.797424,SAINSBURY,212016,"Fresh/Chilled Orange Juice, eg. Tropicana",http://www.sainsburys.co.uk/shop/gb/groceries/drinks/drinks-chilled-fruit-juice,fresh orange juice ,0.33,BEET IT BEETROOT JUICE DRINK 750ML,£2.70/unit,2.7,£0.36 / 100ml,0.36,100,ml,3.6,l,,
2015-11-04 09:44:17.802953,SAINSBURY,212016,"Fresh/Chilled Orange Juice, eg. Tropicana",http://www.sainsburys.co.uk/shop/gb/groceries/drinks/drinks-chilled-fruit-juice,fresh orange juice ,0.33,CHERRYGOOD JUICE 1L,£2.60/unit,2.6,£0.26 / 100ml,0.26,100,ml,2.6,l,,
2015-11-04 09:44:17.823464,SAINSBURY,211501,"Cheese Cheddar, home produced, per kg",http://www.sainsburys.co.uk/shop/gb/groceries/dairy-eggs-chilled/cheddar-british-regional-cheese,british cheddar ,0.0,CHEVINGTON GRATED MILD CHEESE 400G,£4.00/unit,4.0,£1.00 / 100g,1.0,100,g,10.0,kg,,
2015-11-04 09:44:17.826595,SAINSBURY,211501,"Cheese Cheddar, home produced, per kg",http://www.sainsburys.co.uk/shop/gb/groceries/dairy-eggs-chilled/cheddar-british-regional-cheese,british cheddar ,0.0,CHEVINGTON SLICED LIGHT CHEESE 200G,£2.15/unit,2.15,£1.08 / 100kg,1.08,100,kg,0.0108,kg,,
2015-11-04 09:44:17.829463,SAINSBURY,211501,"Cheese Cheddar, home produced, per kg",http://www.sainsburys.co.uk/shop/gb/groceries/dairy-eggs-chilled/cheddar-british-regional-cheese,british cheddar ,0.5,CHEVINGTON SLICED MILD CHEDDAR 200G,£2.15/unit,2.15,£1.08 / 100kg,1.08,100,kg,0.0108,kg,,
2015-11-04 09:44:17.832286,SAINSBURY,211501,"Cheese Cheddar, home produced, per kg",http://www.sainsburys.co.uk/shop/gb/groceries/dairy-eggs-chilled/cheddar-british-regional-cheese,british cheddar ,0.5,COLLIERS POWERFUL WELSH CHEDDAR 350G,£3.50/unit,3.5,£10.00 / 1 kg,10.0,1,kg,10.0,kg,,
2015-11-04 09:44:17.836042,SAINSBURY,310207,"Bitter, 4 cans, 3.4%-7.5% ABV",http://www.sainsburys.co.uk/shop/gb/groceries/drinks/ale-stout,bitter,0.0,BASS TRADEMARK NUMBER ONE 500ML,£2.00/unit,2.0,£4.00 / 1 ltr,4.0,1,ltr,4.0,l,,
2015-11-04 09:44:17.839458,SAINSBURY,310207,"Bitter, 4 cans, 3.4%-7.5% ABV",http://www.sainsburys.co.uk/shop/gb/groceries/drinks/ale-stout,bitter,0.0,BATEMANS MOCHA & CHOCOLATE 500ML,£2.00/unit,2.0,£4.00 / 1 ltr,4.0,1,ltr,4.0,l,,
2015-11-04 09:44:17.842803,SAINSBURY,310207,"Bitter, 4 cans, 3.4%-7.5% ABV",http://www.sainsburys.co.uk/shop/gb/groceries/drinks/ale-stout,bitter,0.0,BATH ALES BARNSEY 500ML,£2.00/unit,2.0,£4.00 / 1 ltr,4.0,1,ltr,4.0,l,,
2015-11-04 09:44:17.846582,SAINSBURY,210204,"Dry Spaghetti or pasta, 500g",http://www.sainsburys.co.uk/shop/gb/groceries/food-cupboard/pasta,500g,1.0,NAPOLINA FUSILLI 500G,£1.55/unit,1.55,£3.10 / 1 kg,3.1,1,kg,3.1,kg,,
2015-11-04 09:44:17.850108,SAINSBURY,210204,"Dry Spaghetti or pasta, 500g",http://www.sainsburys.co.uk/shop/gb/groceries/food-cupboard/pasta,500g,1.0,NAPOLINA PENNE 500G,£1.55/unit,1.55,£3.10 / 1 kg,3.1,1,kg,3.1,kg,,
2015-11-04 09:44:17.853532,SAINSBURY,210204,"Dry Spaghetti or pasta, 500g",http://www.sainsburys.co.uk/shop/gb/groceries/food-cupboard/pasta,500g,1.0,NAPOLINA RIGATONI PASTA 500G,£1.55/unit,1.55,£3.10 / 1 kg,3.1,1,kg,3.1,kg,,
2015-11-04 09:44:17.859434,SAINSBURY,212016,"Fresh/Chilled Orange Juice, eg. Tropicana",http://www.sainsburys.co.uk/shop/gb/groceries/drinks/drinks-chilled-fruit-juice,fresh orange juice ,0.33,CHERRYGOOD JUICE LIGHT 1 L,£1.40/unit,1.4,£0.14 / 100ml,0.14,100,ml,1.4,l,,
2015-11-04 09:44:17.865295,SAINSBURY,212016,"Fresh/Chilled Orange Juice, eg. Tropicana",http://www.sainsburys.co.uk/shop/gb/groceries/drinks/drinks-chilled-fruit-juice,fresh orange juice ,0.0,COLDPRESS JUICY ROOTS 500ML,£2.80/unit,2.8,£0.56 / 100ml,0.56,100,ml,5.6,l,,
2015-11-04 09:44:17.871887,SAINSBURY,310215,"Lager, 4 bottles, 4.3%-7.5% ABV",http://www.sainsburys.co.uk/shop/gb/groceries/drinks/lager,lager bottles ,0.0,ASAHI SUPER DRY BEER 660ML,£2.00/unit,2.0,£3.03 / 1 ltr,3.03,1,ltr,3.03,l,Buy any 3 for £5.00,Buy any 3 for £5.00
2015-11-04 09:44:17.877180,SAINSBURY,310215,"Lager, 4 bottles, 4.3%-7.5% ABV",http://www.sainsburys.co.uk/shop/gb/groceries/drinks/lager,lager bottles ,0.5,BAVARIA 0.0% ALCOHOL FREE LAGER 4X330ML,£2.50/unit,2.5,£1.89 / 1 ltr,1.89,1,ltr,1.89,l,,
2015-11-04 09:44:17.895336,SAINSBURY,211501,"Cheese Cheddar, home produced, per kg",http://www.sainsburys.co.uk/shop/gb/groceries/dairy-eggs-chilled/cheddar-british-regional-cheese,british cheddar ,0.5,CRACKER BARREL CHEDDAR 200G,£2.75/unit,2.75,£13.75 / 1 kg,13.75,1,kg,13.75,kg,,
2015-11-04 09:44:17.897938,SAINSBURY,211501,"Cheese Cheddar, home produced, per kg",http://www.sainsburys.co.uk/shop/gb/groceries/dairy-eggs-chilled/cheddar-british-regional-cheese,british cheddar ,0.5,"DAVIDSTOW CORNISH CLASSIC, MATURE CHEDDAR 200G",£3.00/unit,3.0,£15.00 / 1 kg,15.0,1,kg,15.0,kg,,
2015-11-04 09:44:17.900477,SAINSBURY,211501,"Cheese Cheddar, home produced, per kg",http://www.sainsburys.co.uk/shop/gb/groceries/dairy-eggs-chilled/cheddar-british-regional-cheese,british cheddar ,0.5,"DAVIDSTOW CORNISH CLASSIC, MATURE CHEDDAR 350G",£3.00/unit,3.0,£8.57 / 1 kg,8.57,1,kg,8.57,kg,Only £3.00: Save £1.00,Only £3.00: Save £1.00
2015-11-04 09:44:17.902878,SAINSBURY,211501,"Cheese Cheddar, home produced, per kg",http://www.sainsburys.co.uk/shop/gb/groceries/dairy-eggs-chilled/cheddar-british-regional-cheese,british cheddar ,0.5,DAVIDSTOW CORNISH CRACKLER EXTRA MATURE CHEDDAR 200G,£3.00/unit,3.0,£15.00 / 1 kg,15.0,1,kg,15.0,kg,,
2015-11-04 09:44:17.906302,SAINSBURY,310207,"Bitter, 4 cans, 3.4%-7.5% ABV",http://www.sainsburys.co.uk/shop/gb/groceries/drinks/ale-stout,bitter,1.0,BATH ALES GEM BITTER 500ML,£2.00/unit,2.0,£4.00 / 1 ltr,4.0,1,ltr,4.0,l,,
2015-11-04 09:44:17.909460,SAINSBURY,310207,"Bitter, 4 cans, 3.4%-7.5% ABV",http://www.sainsburys.co.uk/shop/gb/groceries/drinks/ale-stout,bitter,0.0,BATH ALES GOLDEN HARE 500ML 4.4%,£2.00/unit,2.0,£4.00 / 1 ltr,4.0,1,ltr,4.0,l,,
2015-11-04 09:44:17.912518,SAINSBURY,310207,"Bitter, 4 cans, 3.4%-7.5% ABV",http://www.sainsburys.co.uk/shop/gb/groceries/drinks/ale-stout,bitter,0.0,BISHOP'S FINGER ALE 500ML,£2.00/unit,2.0,£4.00 / 1 ltr,4.0,1,ltr,4.0,l,Buy any 3 for £5.00,Buy any 3 for £5.00
2015-11-04 09:44:17.915551,SAINSBURY,310207,"Bitter, 4 cans, 3.4%-7.5% ABV",http://www.sainsburys.co.uk/shop/gb/groceries/drinks/ale-stout,bitter,0.0,BLACK SHEEP ALE 500ML,£2.00/unit,2.0,£4.00 / 1 ltr,4.0,1,ltr,4.0,l,Buy any 3 for £5.00,Buy any 3 for £5.00
2015-11-04 09:44:17.919073,SAINSBURY,210204,"Dry Spaghetti or pasta, 500g",http://www.sainsburys.co.uk/shop/gb/groceries/food-cupboard/pasta,500g,1.0,NAPOLINA SPAGHETTI 500G,£1.55/unit,1.55,£3.10 / 1 kg,3.1,1,kg,3.1,kg,,
2015-11-04 09:44:17.922241,SAINSBURY,210204,"Dry Spaghetti or pasta, 500g",http://www.sainsburys.co.uk/shop/gb/groceries/food-cupboard/pasta,500g,1.0,NAPOLINA WHOLEWHEAT MAFALDA CORTA 500G,£1.00/unit,1.0,£2.00 / 1 kg,2.0,1,kg,2.0,kg,Only £1.00: Save 55p,Only £1.00: Save 55p
2015-11-04 09:44:17.925455,SAINSBURY,210204,"Dry Spaghetti or pasta, 500g",http://www.sainsburys.co.uk/shop/gb/groceries/food-cupboard/pasta,500g,1.0,NAPOLINA WHOLEWHEAT PENNE 500G,£1.00/unit,1.0,£2.00 / 1 kg,2.0,1,kg,2.0,kg,Only £1.00: Save 55p,Only £1.00: Save 55p
2015-11-04 09:44:17.928525,SAINSBURY,210204,"Dry Spaghetti or pasta, 500g",http://www.sainsburys.co.uk/shop/gb/groceries/food-cupboard/pasta,500g,1.0,NAPOLINA WHOLEWHEAT SPAGHETTI 500G,£1.00/unit,1.0,£2.00 / 1 kg,2.0,1,kg,2.0,kg,Only £1.00: Save 55p,Only £1.00: Save 55p
2015-11-04 09:44:17.934410,SAINSBURY,212016,"Fresh/Chilled Orange Juice, eg. Tropicana",http://www.sainsburys.co.uk/shop/gb/groceries/drinks/drinks-chilled-fruit-juice,fresh orange juice ,0.0,COLDPRESS MEAN GREENS 500ML,£2.80/unit,2.8,£0.56 / 100ml,0.56,100,ml,5.6,l,,
2015-11-04 09:44:17.939537,SAINSBURY,212016,"Fresh/Chilled Orange Juice, eg. Tropicana",http://www.sainsburys.co.uk/shop/gb/groceries/drinks/drinks-chilled-fruit-juice,fresh orange juice ,0.0,COPELLA APPLE & ELDERFLOWER 1.5L,£3.00/unit,3.0,£0.20 / 100ml,0.2,100,ml,2.0,l,,
2015-11-04 09:44:17.945093,SAINSBURY,310215,"Lager, 4 bottles, 4.3%-7.5% ABV",http://www.sainsburys.co.uk/shop/gb/groceries/drinks/lager,lager bottles ,0.5,BAVARIA LAGER SHANDY 6X330ML,£2.50/unit,2.5,£1.26 / 1 ltr,1.26,1,ltr,1.26,l,,
2015-11-04 09:44:17.950097,SAINSBURY,310215,"Lager, 4 bottles, 4.3%-7.5% ABV",http://www.sainsburys.co.uk/shop/gb/groceries/drinks/lager,lager bottles ,0.5,BECK'S BLUE ALCOHOL FREE LAGER 15X275ML,£8.00/unit,8.0,£1.94 / 1 ltr,1.94,1,ltr,1.94,l,,
2015-11-04 09:44:17.956921,SAINSBURY,210302,Plain Biscuits (eg. Digestive),http://www.sainsburys.co.uk/shop/gb/groceries/food-cupboard/biscuit-barrel,digestives,0.0,ANZAC BISCUITS 175G,£0.85/unit,0.85,£0.49 / 100g,0.49,100,g,4.9,kg,,
2015-11-04 09:44:17.961865,SAINSBURY,210302,Plain Biscuits (eg. Digestive),http://www.sainsburys.co.uk/shop/gb/groceries/food-cupboard/biscuit-barrel,digestives,0.0,FOX'S CHOCOLATEY VIENNESE SANDWICH 120G,£1.50/unit,1.5,£1.25 / 100g,1.25,100,g,12.5,kg,,
2015-11-04 09:44:17.964386,SAINSBURY,211501,"Cheese Cheddar, home produced, per kg",http://www.sainsburys.co.uk/shop/gb/groceries/dairy-eggs-chilled/cheddar-british-regional-cheese,british cheddar ,0.5,DAVIDSTOW CRACKLER EXTRA MATURE CHEDDAR 320G,£3.00/unit,3.0,£9.38 / 1 kg,9.38,1,kg,9.38,kg,Only £3.00: Save £1.00,Only £3.00: Save £1.00
2015-11-04 09:44:17.972948,SAINSBURY,310207,"Bitter, 4 cans, 3.4%-7.5% ABV",http://www.sainsburys.co.uk/shop/gb/groceries/drinks/ale-stout,bitter,0.0,BLACK SHEEP GOLDEN SHEEP ALE 500ML,£2.00/unit,2.0,£4.00 / 1 ltr,4.0,1,ltr,4.0,l,Buy any 3 for £5.00,Buy any 3 for £5.00
2015-11-04 09:44:17.975824,SAINSBURY,310207,"Bitter, 4 cans, 3.4%-7.5% ABV",http://www.sainsburys.co.uk/shop/gb/groceries/drinks/ale-stout,bitter,0.0,BLUE MOON AMERICAN CRAFT BEER 355ML (5.4% ABV),£1.75/unit,1.75,£4.93 / 1 ltr,4.93,1,ltr,4.93,l,Buy any 2 for £3.00,Buy any 2 for £3.00
2015-11-04 09:44:17.978553,SAINSBURY,310207,"Bitter, 4 cans, 3.4%-7.5% ABV",http://www.sainsburys.co.uk/shop/gb/groceries/drinks/ale-stout,bitter,1.0,BODDINGTONS DRAUGHT BITTER 4X440ML,£4.00/unit,4.0,£2.27 / 1 ltr,2.27,1,ltr,2.27,l,,
2015-11-04 09:44:17.981146,SAINSBURY,310207,"Bitter, 4 cans, 3.4%-7.5% ABV",http://www.sainsburys.co.uk/shop/gb/groceries/drinks/ale-stout,bitter,0.0,BRAINS REVEREND JAMES ALE 500ML,£2.00/unit,2.0,£4.00 / 1 ltr,4.0,1,ltr,4.0,l,,
2015-11-04 09:44:17.984165,SAINSBURY,210204,"Dry Spaghetti or pasta, 500g",http://www.sainsburys.co.uk/shop/gb/groceries/food-cupboard/pasta,500g,1.0,SAINSBURY'S ALPHABET SHAPES 500G,£0.85/unit,0.85,£1.70 / 1 kg,1.7,1,kg,1.7,kg,Buy any 2 for £1.50,Buy any 2 for £1.50
2015-11-04 09:44:17.987027,SAINSBURY,210204,"Dry Spaghetti or pasta, 500g",http://www.sainsburys.co.uk/shop/gb/groceries/food-cupboard/pasta,500g,0.0,SAINSBURY'S CANNELLONI 250G,£0.65/unit,0.65,£2.60 / 1 kg,2.6,1,kg,2.6,kg,,
2015-11-04 09:44:17.989667,SAINSBURY,210204,"Dry Spaghetti or pasta, 500g",http://www.sainsburys.co.uk/shop/gb/groceries/food-cupboard/pasta,500g,1.0,SAINSBURY'S CAPELLINI (ANGEL HAIR) 500G,£0.85/unit,0.85,£1.70 / 1 kg,1.7,1,kg,1.7,kg,Buy any 2 for £1.50,Buy any 2 for £1.50
2015-11-04 09:44:17.992347,SAINSBURY,210204,"Dry Spaghetti or pasta, 500g",http://www.sainsburys.co.uk/shop/gb/groceries/food-cupboard/pasta,500g,1.0,SAINSBURY'S CASARECCE 500G,£0.85/unit,0.85,£1.70 / 1 kg,1.7,1,kg,1.7,kg,Buy any 2 for £1.50,Buy any 2 for £1.50
2015-11-04 09:44:17.997597,SAINSBURY,212016,"Fresh/Chilled Orange Juice, eg. Tropicana",http://www.sainsburys.co.uk/shop/gb/groceries/drinks/drinks-chilled-fruit-juice,fresh orange juice ,0.0,COPELLA APPLE & ELDERFLOWER 900ML,£1.50/unit,1.5,£0.17 / 100ml,0.17,100,ml,1.7,l,Only £1.50: Save 50p,Only £1.50: Save 50p
2015-11-04 09:44:18.002522,SAINSBURY,212016,"Fresh/Chilled Orange Juice, eg. Tropicana",http://www.sainsburys.co.uk/shop/gb/groceries/drinks/drinks-chilled-fruit-juice,fresh orange juice ,0.0,COPELLA APPLE & MANGO 900ML,£1.50/unit,1.5,£0.17 / 100ml,0.17,100,ml,1.7,l,Only £1.50: Save 50p,Only £1.50: Save 50p
2015-11-04 09:44:18.007681,SAINSBURY,310215,"Lager, 4 bottles, 4.3%-7.5% ABV",http://www.sainsburys.co.uk/shop/gb/groceries/drinks/lager,lager bottles ,0.5,BECK'S BLUE ALCOHOL FREE LAGER 6X275ML,£3.50/unit,3.5,£2.12 / 1 ltr,2.12,1,ltr,2.12,l,,
2015-11-04 09:44:18.012419,SAINSBURY,310215,"Lager, 4 bottles, 4.3%-7.5% ABV",http://www.sainsburys.co.uk/shop/gb/groceries/drinks/lager,lager bottles ,0.5,BECK'S LAGER 15X275ML,£10.00/unit,10.0,£2.42 / 1 ltr,2.42,1,ltr,2.42,l,Buy any 2 for £18.00,Buy any 2 for £18.00
2015-11-04 09:44:18.017100,SAINSBURY,310215,"Lager, 4 bottles, 4.3%-7.5% ABV",http://www.sainsburys.co.uk/shop/gb/groceries/drinks/lager,lager bottles ,0.5,BECK'S LAGER 20X275ML,£10.00/unit,10.0,£1.82 / 1 ltr,1.82,1,ltr,1.82,l,Only £10.00: Save £2.00,Only £10.00: Save £2.00
2015-11-04 09:44:18.022082,SAINSBURY,210302,Plain Biscuits (eg. Digestive),http://www.sainsburys.co.uk/shop/gb/groceries/food-cupboard/biscuit-barrel,digestives,0.0,FOX'S CRINKLES BUTTER BISCUITS 200G,£0.50/unit,0.5,£0.25 / 100g,0.25,100,g,2.5,kg,Only 50p: Save 25p,Only 50p: Save 25p
2015-11-04 09:44:18.026858,SAINSBURY,210302,Plain Biscuits (eg. Digestive),http://www.sainsburys.co.uk/shop/gb/groceries/food-cupboard/biscuit-barrel,digestives,0.0,FOX'S GOLDEN CRUNCH CREAM TWIN 336G,£1.40/unit,1.4,£0.42 / 100g,0.42,100,g,4.2,kg,,
2015-11-04 09:44:18.031489,SAINSBURY,210302,Plain Biscuits (eg. Digestive),http://www.sainsburys.co.uk/shop/gb/groceries/food-cupboard/biscuit-barrel,digestives,0.0,FOX'S GOLDEN CRUNCH CREAMS 168G,£0.50/unit,0.5,£0.30 / 100g,0.3,100,g,3.0,kg,Only 50p: Save 25p,Only 50p: Save 25p
2015-11-04 09:44:18.035211,SAINSBURY,310207,"Bitter, 4 cans, 3.4%-7.5% ABV",http://www.sainsburys.co.uk/shop/gb/groceries/drinks/ale-stout,bitter,0.0,BRAINS SA GOLD 500ML,£2.00/unit,2.0,£4.00 / 1 ltr,4.0,1,ltr,4.0,l,,
2015-11-04 09:44:18.037586,SAINSBURY,310207,"Bitter, 4 cans, 3.4%-7.5% ABV",http://www.sainsburys.co.uk/shop/gb/groceries/drinks/ale-stout,bitter,0.0,BRAKSPEAR OXFORD GOLD 500ML (4.6% ABV),£2.00/unit,2.0,£4.00 / 1 ltr,4.0,1,ltr,4.0,l,Buy any 3 for £5.00,Buy any 3 for £5.00
2015-11-04 09:44:18.039900,SAINSBURY,310207,"Bitter, 4 cans, 3.4%-7.5% ABV",http://www.sainsburys.co.uk/shop/gb/groceries/drinks/ale-stout,bitter,0.0,BREWDOG 5AM SAINT 330ML,£1.75/unit,1.75,£5.30 / 1 ltr,5.3,1,ltr,5.3,l,,
2015-11-04 09:44:18.045272,SAINSBURY,210204,"Dry Spaghetti or pasta, 500g",http://www.sainsburys.co.uk/shop/gb/groceries/food-cupboard/pasta,500g,1.0,SAINSBURY'S CHILLI PENNE 500G,£0.85/unit,0.85,£1.70 / 1 kg,1.7,1,kg,1.7,kg,Buy any 2 for £1.50,Buy any 2 for £1.50
2015-11-04 09:44:18.047771,SAINSBURY,210204,"Dry Spaghetti or pasta, 500g",http://www.sainsburys.co.uk/shop/gb/groceries/food-cupboard/pasta,500g,0.0,SAINSBURY'S CONCHIGLIE (SHELLS) 1KG,£1.20/unit,1.2,£1.20 / 1 kg,1.2,1,kg,1.2,kg,,
2015-11-04 09:44:18.050000,SAINSBURY,210204,"Dry Spaghetti or pasta, 500g",http://www.sainsburys.co.uk/shop/gb/groceries/food-cupboard/pasta,500g,1.0,SAINSBURY'S CONCHIGLIE (SHELLS) 500G,£0.85/unit,0.85,£1.70 / 1 kg,1.7,1,kg,1.7,kg,Buy any 2 for £1.50,Buy any 2 for £1.50
2015-11-04 09:44:18.057732,SAINSBURY,212016,"Fresh/Chilled Orange Juice, eg. Tropicana",http://www.sainsburys.co.uk/shop/gb/groceries/drinks/drinks-chilled-fruit-juice,fresh orange juice ,0.0,COPELLA APPLE & PEAR 900ML,£1.50/unit,1.5,£0.17 / 100ml,0.17,100,ml,1.7,l,Only £1.50: Save 50p,Only £1.50: Save 50p
2015-11-04 09:44:18.062399,SAINSBURY,212016,"Fresh/Chilled Orange Juice, eg. Tropicana",http://www.sainsburys.co.uk/shop/gb/groceries/drinks/drinks-chilled-fruit-juice,fresh orange juice ,0.0,COPELLA APPLE & RASPBERRY 900ML,£1.50/unit,1.5,£0.17 / 100ml,0.17,100,ml,1.7,l,Only £1.50: Save 50p,Only £1.50: Save 50p
2015-11-04 09:44:18.066931,SAINSBURY,212016,"Fresh/Chilled Orange Juice, eg. Tropicana",http://www.sainsburys.co.uk/shop/gb/groceries/drinks/drinks-chilled-fruit-juice,fresh orange juice ,0.0,COPELLA APPLE 1.5L,£3.00/unit,3.0,£0.20 / 100ml,0.2,100,ml,2.0,l,,
2015-11-04 09:44:18.071759,SAINSBURY,310215,"Lager, 4 bottles, 4.3%-7.5% ABV",http://www.sainsburys.co.uk/shop/gb/groceries/drinks/lager,lager bottles ,0.5,BECK'S LAGER 4X440ML,£4.50/unit,4.5,£2.56 / 1 ltr,2.56,1,ltr,2.56,l,Buy any 2 for £8.00,Buy any 2 for £8.00
2015-11-04 09:44:18.076312,SAINSBURY,310215,"Lager, 4 bottles, 4.3%-7.5% ABV",http://www.sainsburys.co.uk/shop/gb/groceries/drinks/lager,lager bottles ,0.5,BECK'S LAGER 660ML,£2.00/unit,2.0,£3.03 / 1 ltr,3.03,1,ltr,3.03,l,Buy any 3 for £5.00,Buy any 3 for £5.00
2015-11-04 09:44:18.080688,SAINSBURY,310215,"Lager, 4 bottles, 4.3%-7.5% ABV",http://www.sainsburys.co.uk/shop/gb/groceries/drinks/lager,lager bottles ,0.5,BECK'S LAGER 6X275ML,£5.50/unit,5.5,£3.33 / 1 ltr,3.33,1,ltr,3.33,l,,
2015-11-04 09:44:18.085382,SAINSBURY,210302,Plain Biscuits (eg. Digestive),http://www.sainsburys.co.uk/shop/gb/groceries/food-cupboard/biscuit-barrel,digestives,0.0,FOX'S JAM RING CREAMS 150G,£0.50/unit,0.5,£0.33 / 100g,0.33,100,g,3.3,kg,Only 50p: Save 25p,Only 50p: Save 25p
2015-11-04 09:44:18.089906,SAINSBURY,210302,Plain Biscuits (eg. Digestive),http://www.sainsburys.co.uk/shop/gb/groceries/food-cupboard/biscuit-barrel,digestives,0.0,FOX'S JAM RINGS TWIN PACK 300G,£1.40/unit,1.4,£0.47 / 100g,0.47,100,g,4.7,kg,,
2015-11-04 09:44:18.094217,SAINSBURY,210302,Plain Biscuits (eg. Digestive),http://www.sainsburys.co.uk/shop/gb/groceries/food-cupboard/biscuit-barrel,digestives,0.0,FOX'S NEW YORK BAKEHOUSE RED VELVET CRUNCH CREAMS 168G,£0.50/unit,0.5,£0.30 / 100g,0.3,100,g,3.0,kg,Only 50p: Save 25p,Only 50p: Save 25p
2015-11-04 09:44:18.104816,SAINSBURY,212016,"Fresh/Chilled Orange Juice, eg. Tropicana",http://www.sainsburys.co.uk/shop/gb/groceries/drinks/drinks-chilled-fruit-juice,fresh orange juice ,0.0,COPELLA APPLE 900ML,£1.50/unit,1.5,£0.17 / 100ml,0.17,100,ml,1.7,l,Only £1.50: Save 50p,Only £1.50: Save 50p
2015-11-04 09:44:18.109172,SAINSBURY,212016,"Fresh/Chilled Orange Juice, eg. Tropicana",http://www.sainsburys.co.uk/shop/gb/groceries/drinks/drinks-chilled-fruit-juice,fresh orange juice ,0.33,COPELLA ORANGE ORIGINAL 1.5L,£3.00/unit,3.0,£0.20 / 100ml,0.2,100,ml,2.0,l,,
2015-11-04 09:44:18.113282,SAINSBURY,212016,"Fresh/Chilled Orange Juice, eg. Tropicana",http://www.sainsburys.co.uk/shop/gb/groceries/drinks/drinks-chilled-fruit-juice,fresh orange juice ,0.33,COPELLA ORIGINAL ORANGE 900ML,£1.50/unit,1.5,£0.17 / 100ml,0.17,100,ml,1.7,l,Only £1.50: Save 50p,Only £1.50: Save 50p
2015-11-04 09:44:18.117897,SAINSBURY,310215,"Lager, 4 bottles, 4.3%-7.5% ABV",http://www.sainsburys.co.uk/shop/gb/groceries/drinks/lager,lager bottles ,0.0,BECK'S VIER 12X440ML,£11.00/unit,11.0,£2.08 / 1 ltr,2.08,1,ltr,2.08,l,,
2015-11-04 09:44:18.121993,SAINSBURY,310215,"Lager, 4 bottles, 4.3%-7.5% ABV",http://www.sainsburys.co.uk/shop/gb/groceries/drinks/lager,lager bottles ,0.0,BECK'S VIER 18X440ML,£13.00/unit,13.0,£1.64 / 1 ltr,1.64,1,ltr,1.64,l,Only £13.00: Save £1.00,Only £13.00: Save £1.00
2015-11-04 09:44:18.126078,SAINSBURY,310215,"Lager, 4 bottles, 4.3%-7.5% ABV",http://www.sainsburys.co.uk/shop/gb/groceries/drinks/lager,lager bottles ,0.0,BECK'S VIER 4X440ML,£3.50/unit,3.5,£1.99 / 1 ltr,1.99,1,ltr,1.99,l,Only £3.50: Save 50p,Only £3.50: Save 50p
2015-11-04 09:44:18.130608,SAINSBURY,210302,Plain Biscuits (eg. Digestive),http://www.sainsburys.co.uk/shop/gb/groceries/food-cupboard/biscuit-barrel,digestives,0.0,FOX'S PARTY RING BISCUITS 125G,£0.50/unit,0.5,£0.40 / 100g,0.4,100,g,4.0,kg,Only 50p: Save 25p,Only 50p: Save 25p
2015-11-04 09:44:18.134845,SAINSBURY,210302,Plain Biscuits (eg. Digestive),http://www.sainsburys.co.uk/shop/gb/groceries/food-cupboard/biscuit-barrel,digestives,0.0,FOX'S PARTY RINGS FOOTBALLS 130G,£0.50/unit,0.5,£0.39 / 100g,0.39,100,g,3.9,kg,Only 50p: Save 25p,Only 50p: Save 25p
2015-11-04 09:44:18.138948,SAINSBURY,210302,Plain Biscuits (eg. Digestive),http://www.sainsburys.co.uk/shop/gb/groceries/food-cupboard/biscuit-barrel,digestives,0.0,FOX'S VIENNESE RASPBERRY & CREAM WHIRLS 120G,£1.50/unit,1.5,£1.25 / 100g,1.25,100,g,12.5,kg,,
2015-11-04 09:44:18.149959,SAINSBURY,212016,"Fresh/Chilled Orange Juice, eg. Tropicana",http://www.sainsburys.co.uk/shop/gb/groceries/drinks/drinks-chilled-fruit-juice,fresh orange juice ,0.33,COPELLA SMOOTH ORANGE 1.5L,£3.00/unit,3.0,£0.20 / 100ml,0.2,100,ml,2.0,l,,
2015-11-04 09:44:18.153942,SAINSBURY,212016,"Fresh/Chilled Orange Juice, eg. Tropicana",http://www.sainsburys.co.uk/shop/gb/groceries/drinks/drinks-chilled-fruit-juice,fresh orange juice ,0.33,COPELLA SMOOTH ORANGE 900ML,£1.50/unit,1.5,£0.17 / 100ml,0.17,100,ml,1.7,l,Only £1.50: Save 50p,Only £1.50: Save 50p
2015-11-04 09:44:18.157795,SAINSBURY,212016,"Fresh/Chilled Orange Juice, eg. Tropicana",http://www.sainsburys.co.uk/shop/gb/groceries/drinks/drinks-chilled-fruit-juice,fresh orange juice ,0.67,GROVE ORGANIC PREMIUM 100% PURE ORANGE JUICE 1L,£2.80/unit,2.8,£0.28 / 100ml,0.28,100,ml,2.8,l,,
2015-11-04 09:44:18.161821,SAINSBURY,310215,"Lager, 4 bottles, 4.3%-7.5% ABV",http://www.sainsburys.co.uk/shop/gb/groceries/drinks/lager,lager bottles ,0.5,BIRRA MORETTI LAGER 4X330ML,£4.00/unit,4.0,£3.03 / 1 ltr,3.03,1,ltr,3.03,l,Only £4.00: Save 50p,Only £4.00: Save 50p
2015-11-04 09:44:18.165716,SAINSBURY,310215,"Lager, 4 bottles, 4.3%-7.5% ABV",http://www.sainsburys.co.uk/shop/gb/groceries/drinks/lager,lager bottles ,0.5,BIRRA MORETTI LAGER 660ML,£2.00/unit,2.0,£3.03 / 1 ltr,3.03,1,ltr,3.03,l,Buy any 3 for £5.00,Buy any 3 for £5.00
2015-11-04 09:44:18.169424,SAINSBURY,310215,"Lager, 4 bottles, 4.3%-7.5% ABV",http://www.sainsburys.co.uk/shop/gb/groceries/drinks/lager,lager bottles ,0.5,BRAHMA LAGER 4X330ML,£4.00/unit,4.0,£3.03 / 1 ltr,3.03,1,ltr,3.03,l,,
2015-11-04 09:44:18.173445,SAINSBURY,210302,Plain Biscuits (eg. Digestive),http://www.sainsburys.co.uk/shop/gb/groceries/food-cupboard/biscuit-barrel,digestives,0.0,JAMMIE DODGERS 140G,£0.90/unit,0.9,£0.64 / 100g,0.64,100,g,6.4,kg,,
2015-11-04 09:44:18.177306,SAINSBURY,210302,Plain Biscuits (eg. Digestive),http://www.sainsburys.co.uk/shop/gb/groceries/food-cupboard/biscuit-barrel,digestives,0.0,JAMMIE DODGERS BAKES APRICOT 160G,£1.50/unit,1.5,£0.94 / 100g,0.94,100,g,9.4,kg,,
2015-11-04 09:44:18.181026,SAINSBURY,210302,Plain Biscuits (eg. Digestive),http://www.sainsburys.co.uk/shop/gb/groceries/food-cupboard/biscuit-barrel,digestives,0.0,JAMMIE DODGERS BAKES RASPBERRY 160G,£1.50/unit,1.5,£0.94 / 100g,0.94,100,g,9.4,kg,,
2015-11-04 09:44:18.193541,SAINSBURY,212016,"Fresh/Chilled Orange Juice, eg. Tropicana",http://www.sainsburys.co.uk/shop/gb/groceries/drinks/drinks-chilled-fruit-juice,fresh orange juice ,0.33,INNOCENT APPLE & BERRIES JUICE 1.35L,£3.25/unit,3.25,£0.24 / 100ml,0.24,100,ml,2.4,l,,
2015-11-04 09:44:18.197056,SAINSBURY,212016,"Fresh/Chilled Orange Juice, eg. Tropicana",http://www.sainsburys.co.uk/shop/gb/groceries/drinks/drinks-chilled-fruit-juice,fresh orange juice ,0.33,INNOCENT APPLE & BERRIES JUICE 900ML,£2.50/unit,2.5,£0.28 / 100ml,0.28,100,ml,2.8,l,Buy any 2 for £3.00,Buy any 2 for £3.00
2015-11-04 09:44:18.200524,SAINSBURY,212016,"Fresh/Chilled Orange Juice, eg. Tropicana",http://www.sainsburys.co.uk/shop/gb/groceries/drinks/drinks-chilled-fruit-juice,fresh orange juice ,0.33,INNOCENT APPLE & ELDERFLOWER JUICE 900ML,£2.50/unit,2.5,£0.28 / 100ml,0.28,100,ml,2.8,l,Buy any 2 for £3.00,Buy any 2 for £3.00
2015-11-04 09:44:18.204292,SAINSBURY,310215,"Lager, 4 bottles, 4.3%-7.5% ABV",http://www.sainsburys.co.uk/shop/gb/groceries/drinks/lager,lager bottles ,0.5,BROOKLYN LAGER 355ML,£1.75/unit,1.75,£4.93 / 1 ltr,4.93,1,ltr,4.93,l,,
2015-11-04 09:44:18.207692,SAINSBURY,310215,"Lager, 4 bottles, 4.3%-7.5% ABV",http://www.sainsburys.co.uk/shop/gb/groceries/drinks/lager,lager bottles ,0.5,BUDWEISER BUDVAR CZECH LAGER 6X330ML,£5.50/unit,5.5,£2.78 / 1 ltr,2.78,1,ltr,2.78,l,,
2015-11-04 09:44:18.211013,SAINSBURY,310215,"Lager, 4 bottles, 4.3%-7.5% ABV",http://www.sainsburys.co.uk/shop/gb/groceries/drinks/lager,lager bottles ,0.5,BUDWEISER BUDVAR LAGER 4X330ML,£4.50/unit,4.5,£3.41 / 1 ltr,3.41,1,ltr,3.41,l,Buy any 2 for £8.00,Buy any 2 for £8.00
2015-11-04 09:44:18.214848,SAINSBURY,210302,Plain Biscuits (eg. Digestive),http://www.sainsburys.co.uk/shop/gb/groceries/food-cupboard/biscuit-barrel,digestives,0.0,JAMMIE DODGERS BISCUITS 210G,£1.30/unit,1.3,£0.62 / 100g,0.62,100,g,6.2,kg,,
2015-11-04 09:44:18.218455,SAINSBURY,210302,Plain Biscuits (eg. Digestive),http://www.sainsburys.co.uk/shop/gb/groceries/food-cupboard/biscuit-barrel,digestives,0.0,MCVITIE'S DIGESTIVE 500G X2,£2.00/unit,2.0,£0.20 / 100g,0.2,100,g,2.0,kg,,
2015-11-04 09:44:18.222014,SAINSBURY,210302,Plain Biscuits (eg. Digestive),http://www.sainsburys.co.uk/shop/gb/groceries/food-cupboard/biscuit-barrel,digestives,0.0,MCVITIE'S DIGESTIVE BISCUITS 250G,£0.80/unit,0.8,£0.32 / 100g,0.32,100,g,3.2,kg,,
2015-11-04 09:44:18.295086,SAINSBURY,212016,"Fresh/Chilled Orange Juice, eg. Tropicana",http://www.sainsburys.co.uk/shop/gb/groceries/drinks/drinks-chilled-fruit-juice,fresh orange juice ,0.33,INNOCENT APPLE & MANGO JUICE 1.35L,£3.25/unit,3.25,£0.24 / 100ml,0.24,100,ml,2.4,l,,
2015-11-04 09:44:18.298387,SAINSBURY,212016,"Fresh/Chilled Orange Juice, eg. Tropicana",http://www.sainsburys.co.uk/shop/gb/groceries/drinks/drinks-chilled-fruit-juice,fresh orange juice ,0.33,INNOCENT APPLE & MANGO JUICE 900ML,£2.50/unit,2.5,£0.28 / 100ml,0.28,100,ml,2.8,l,Buy any 2 for £3.00,Buy any 2 for £3.00
2015-11-04 09:44:18.301505,SAINSBURY,212016,"Fresh/Chilled Orange Juice, eg. Tropicana",http://www.sainsburys.co.uk/shop/gb/groceries/drinks/drinks-chilled-fruit-juice,fresh orange juice ,0.33,INNOCENT APPLE & RASPBERRY JUICE 1.35L,£3.25/unit,3.25,£0.24 / 100ml,0.24,100,ml,2.4,l,,
2015-11-04 09:44:18.304374,SAINSBURY,212016,"Fresh/Chilled Orange Juice, eg. Tropicana",http://www.sainsburys.co.uk/shop/gb/groceries/drinks/drinks-chilled-fruit-juice,fresh orange juice ,0.33,INNOCENT APPLE & RASPBERRY JUICE 900ML,£2.50/unit,2.5,£0.28 / 100ml,0.28,100,ml,2.8,l,Buy any 2 for £3.00,Buy any 2 for £3.00
2015-11-04 09:44:18.307908,SAINSBURY,310215,"Lager, 4 bottles, 4.3%-7.5% ABV",http://www.sainsburys.co.uk/shop/gb/groceries/drinks/lager,lager bottles ,0.5,BUDWEISER BUDVAR LAGER 500ML,£2.00/unit,2.0,£4.00 / 1 ltr,4.0,1,ltr,4.0,l,Buy any 3 for £5.00,Buy any 3 for £5.00
2015-11-04 09:44:18.311160,SAINSBURY,310215,"Lager, 4 bottles, 4.3%-7.5% ABV",http://www.sainsburys.co.uk/shop/gb/groceries/drinks/lager,lager bottles ,0.5,BUDWEISER LAGER 15X300ML,£9.00/unit,9.0,£2.00 / 1 ltr,2.0,1,ltr,2.0,l,Only £9.00: Save £1.00,Only £9.00: Save £1.00
2015-11-04 09:44:18.314205,SAINSBURY,310215,"Lager, 4 bottles, 4.3%-7.5% ABV",http://www.sainsburys.co.uk/shop/gb/groceries/drinks/lager,lager bottles ,0.5,BUDWEISER LAGER 18X440ML,£15.00/unit,15.0,£1.89 / 1 ltr,1.89,1,ltr,1.89,l,,
2015-11-04 09:44:18.317073,SAINSBURY,310215,"Lager, 4 bottles, 4.3%-7.5% ABV",http://www.sainsburys.co.uk/shop/gb/groceries/drinks/lager,lager bottles ,0.5,BUDWEISER LAGER 4X440ML,£4.00/unit,4.0,£2.28 / 1 ltr,2.28,1,ltr,2.28,l,Only £4.00: Save 50p,Only £4.00: Save 50p
2015-11-04 09:44:18.320682,SAINSBURY,210302,Plain Biscuits (eg. Digestive),http://www.sainsburys.co.uk/shop/gb/groceries/food-cupboard/biscuit-barrel,digestives,0.0,MCVITIE'S DIGESTIVE BISCUITS 500G,£1.15/unit,1.15,£0.23 / 100g,0.23,100,g,2.3,kg,Buy any 2 for £2.00,Buy any 2 for £2.00
2015-11-04 09:44:18.324049,SAINSBURY,210302,Plain Biscuits (eg. Digestive),http://www.sainsburys.co.uk/shop/gb/groceries/food-cupboard/biscuit-barrel,digestives,0.0,MCVITIE'S FIG ROLL 200G,£1.30/unit,1.3,£0.65 / 100g,0.65,100,g,6.5,kg,Buy any 2 for £2.00,Buy any 2 for £2.00
2015-11-04 09:44:18.327258,SAINSBURY,210302,Plain Biscuits (eg. Digestive),http://www.sainsburys.co.uk/shop/gb/groceries/food-cupboard/biscuit-barrel,digestives,0.0,MCVITIE'S FRUIT SHORTCAKE 200G,£1.15/unit,1.15,£0.58 / 100g,0.58,100,g,5.8,kg,Buy any 2 for £2.00,Buy any 2 for £2.00
2015-11-04 09:44:18.334240,SAINSBURY,310427,"RUM, WHITE, BOTTLE",http://www.sainsburys.co.uk/shop/gb/groceries/drinks/rum,white rum ,0.5,HAVANA CLUB 7 YEARS OLD RUM 70CL,£26.00/unit,26.0,£37.14 / 1 ltr,37.14,1,ltr,37.14,l,,
2015-11-04 09:44:18.339495,SAINSBURY,310427,"RUM, WHITE, BOTTLE",http://www.sainsburys.co.uk/shop/gb/groceries/drinks/rum,white rum ,0.5,ANGOSTURA 1919 RUM 70CL,£26.00/unit,26.0,£37.14 / 1 ltr,37.14,1,ltr,37.14,l,,
2015-11-04 09:44:18.363969,SAINSBURY,212016,"Fresh/Chilled Orange Juice, eg. Tropicana",http://www.sainsburys.co.uk/shop/gb/groceries/drinks/drinks-chilled-fruit-juice,fresh orange juice ,0.33,INNOCENT APPLE JUICE 1.35L,£3.25/unit,3.25,£0.24 / 100ml,0.24,100,ml,2.4,l,,
2015-11-04 09:44:18.366590,SAINSBURY,212016,"Fresh/Chilled Orange Juice, eg. Tropicana",http://www.sainsburys.co.uk/shop/gb/groceries/drinks/drinks-chilled-fruit-juice,fresh orange juice ,0.33,INNOCENT APPLE JUICE 900ML,£2.50/unit,2.5,£0.28 / 100ml,0.28,100,ml,2.8,l,Buy any 2 for £3.00,Buy any 2 for £3.00
2015-11-04 09:44:18.369166,SAINSBURY,212016,"Fresh/Chilled Orange Juice, eg. Tropicana",http://www.sainsburys.co.uk/shop/gb/groceries/drinks/drinks-chilled-fruit-juice,fresh orange juice ,0.33,"INNOCENT APPLE, PEACH & PEAR JUICE 900ML",£2.50/unit,2.5,£0.28 / 100ml,0.28,100,ml,2.8,l,Buy any 2 for £3.00,Buy any 2 for £3.00
2015-11-04 09:44:18.371553,SAINSBURY,212016,"Fresh/Chilled Orange Juice, eg. Tropicana",http://www.sainsburys.co.uk/shop/gb/groceries/drinks/drinks-chilled-fruit-juice,fresh orange juice ,0.33,INNOCENT CLEMENTINE & MANDARIN JUICE 900ML,£2.50/unit,2.5,£0.28 / 100ml,0.28,100,ml,2.8,l,Buy any 2 for £3.00,Buy any 2 for £3.00
2015-11-04 09:44:18.374501,SAINSBURY,310215,"Lager, 4 bottles, 4.3%-7.5% ABV",http://www.sainsburys.co.uk/shop/gb/groceries/drinks/lager,lager bottles ,0.5,BUDWEISER LAGER 660ML,£2.00/unit,2.0,£3.03 / 1 ltr,3.03,1,ltr,3.03,l,Buy any 3 for £5.00,Buy any 3 for £5.00
2015-11-04 09:44:18.377250,SAINSBURY,310215,"Lager, 4 bottles, 4.3%-7.5% ABV",http://www.sainsburys.co.uk/shop/gb/groceries/drinks/lager,lager bottles ,0.5,BUDWEISER LAGER 6X300ML,£5.50/unit,5.5,£3.06 / 1 ltr,3.06,1,ltr,3.06,l,,
2015-11-04 09:44:18.379764,SAINSBURY,310215,"Lager, 4 bottles, 4.3%-7.5% ABV",http://www.sainsburys.co.uk/shop/gb/groceries/drinks/lager,lager bottles ,0.5,CARLING LAGER 15X440ML,£8.00/unit,8.0,£1.21 / 1 ltr,1.21,1,ltr,1.21,l,Only £8.00: Save £3.00,Only £8.00: Save £3.00
2015-11-04 09:44:18.382263,SAINSBURY,310215,"Lager, 4 bottles, 4.3%-7.5% ABV",http://www.sainsburys.co.uk/shop/gb/groceries/drinks/lager,lager bottles ,0.5,CARLING LAGER 20X440ML,£14.00/unit,14.0,£1.59 / 1 ltr,1.59,1,ltr,1.59,l,,
2015-11-04 09:44:18.385403,SAINSBURY,210302,Plain Biscuits (eg. Digestive),http://www.sainsburys.co.uk/shop/gb/groceries/food-cupboard/biscuit-barrel,digestives,0.0,MCVITIE'S GINGER NUT 250G,£1.15/unit,1.15,£0.46 / 100g,0.46,100,g,4.6,kg,Buy any 2 for £2.00,Buy any 2 for £2.00
2015-11-04 09:44:18.388396,SAINSBURY,210302,Plain Biscuits (eg. Digestive),http://www.sainsburys.co.uk/shop/gb/groceries/food-cupboard/biscuit-barrel,digestives,0.0,MCVITIE'S HOBNOBS 300G,£1.15/unit,1.15,£0.38 / 100g,0.38,100,g,3.8,kg,Buy any 2 for £2.00,Buy any 2 for £2.00
2015-11-04 09:44:18.391270,SAINSBURY,210302,Plain Biscuits (eg. Digestive),http://www.sainsburys.co.uk/shop/gb/groceries/food-cupboard/biscuit-barrel,digestives,0.0,MCVITIE'S LIGHT DIGESTIVE BISCUITS 400G,£1.15/unit,1.15,£0.29 / 100g,0.29,100,g,2.9,kg,,
2015-11-04 09:44:18.393948,SAINSBURY,210302,Plain Biscuits (eg. Digestive),http://www.sainsburys.co.uk/shop/gb/groceries/food-cupboard/biscuit-barrel,digestives,0.0,MCVITIE'S LIGHT RICH TEA 300G,£1.15/unit,1.15,£0.38 / 100g,0.38,100,g,3.8,kg,,
2015-11-04 09:44:18.399512,SAINSBURY,310427,"RUM, WHITE, BOTTLE",http://www.sainsburys.co.uk/shop/gb/groceries/drinks/rum,white rum ,0.5,APPLETON ESTATE SPECIAL JAMAICA RUM 70CL,£14.00/unit,14.0,£20.00 / 1 ltr,20.0,1,ltr,20.0,l,,
2015-11-04 09:44:18.404566,SAINSBURY,310427,"RUM, WHITE, BOTTLE",http://www.sainsburys.co.uk/shop/gb/groceries/drinks/rum,white rum ,0.5,APPLETON ESTATE VX JAMAICAN RUM 70CL,£20.00/unit,20.0,£28.57 / 1 ltr,28.57,1,ltr,28.57,l,,
2015-11-04 09:44:18.412179,SAINSBURY,310421,"Red Wine, European, bottle",http://www.sainsburys.co.uk/shop/gb/groceries/drinks/red-wine,red wine ,0.0,35 SOUTH LATITUDE CABERNET MERLOT 75CL,£5.00/unit,5.0,£5.00 / 75cl,5.0,75,cl,6.6667,l,"Only £5.00: Save £1.50,PLUS Buy any 6 or more save 25%","Only £5.00: Save £1.50,PLUS Buy any 6 or more save 25%"
2015-11-04 09:44:18.417801,SAINSBURY,310421,"Red Wine, European, bottle",http://www.sainsburys.co.uk/shop/gb/groceries/drinks/red-wine,red wine ,0.0,ALTA VISTA TERROIR SELECTION MALBEC 75CL,£15.00/unit,15.0,£15.00 / 75cl,15.0,75,cl,20.0,l,"Only £15.00: Save £2.00,PLUS Buy any 6 or more save 25%","Only £15.00: Save £2.00,PLUS Buy any 6 or more save 25%"
2015-11-04 09:44:18.428464,SAINSBURY,310215,"Lager, 4 bottles, 4.3%-7.5% ABV",http://www.sainsburys.co.uk/shop/gb/groceries/drinks/lager,lager bottles ,0.5,CARLING LAGER 4X440ML,£4.00/unit,4.0,£2.27 / 1 ltr,2.27,1,ltr,2.27,l,,
2015-11-04 09:44:18.437300,SAINSBURY,210302,Plain Biscuits (eg. Digestive),http://www.sainsburys.co.uk/shop/gb/groceries/food-cupboard/biscuit-barrel,digestives,0.0,MCVITIE'S RICH TEA BISCUITS 300G,£1.15/unit,1.15,£0.38 / 100g,0.38,100,g,3.8,kg,Buy any 2 for £2.00,Buy any 2 for £2.00
2015-11-04 09:44:18.439900,SAINSBURY,210302,Plain Biscuits (eg. Digestive),http://www.sainsburys.co.uk/shop/gb/groceries/food-cupboard/biscuit-barrel,digestives,0.0,MCVITIE'S RICH TEA X2 300G,£2.00/unit,2.0,£0.33 / 100g,0.33,100,g,3.3,kg,,
2015-11-04 09:44:18.442282,SAINSBURY,210302,Plain Biscuits (eg. Digestive),http://www.sainsburys.co.uk/shop/gb/groceries/food-cupboard/biscuit-barrel,digestives,0.0,MCVITIE'S THIN ARROWROOT 200G,£1.50/unit,1.5,£0.75 / 100g,0.75,100,g,7.5,kg,,
2015-11-04 09:44:18.444554,SAINSBURY,210302,Plain Biscuits (eg. Digestive),http://www.sainsburys.co.uk/shop/gb/groceries/food-cupboard/biscuit-barrel,digestives,0.0,"NAIRN'S WHEAT FREE, GINGER BISCUITS 200G",£1.15/unit,1.15,£0.58 / 100g,0.58,100,g,5.8,kg,,
2015-11-04 09:44:18.449849,SAINSBURY,310427,"RUM, WHITE, BOTTLE",http://www.sainsburys.co.uk/shop/gb/groceries/drinks/rum,white rum ,0.5,BACARDI CARTA BLANCA RUM 1L,£18.00/unit,18.0,£18.00 / 1 ltr,18.0,1,ltr,18.0,l,Only £18.00: Save £3.50,Only £18.00: Save £3.50
2015-11-04 09:44:18.454755,SAINSBURY,310427,"RUM, WHITE, BOTTLE",http://www.sainsburys.co.uk/shop/gb/groceries/drinks/rum,white rum ,0.5,BACARDI CARTA BLANCA RUM 35CL,£8.50/unit,8.5,£24.29 / 1 ltr,24.29,1,ltr,24.29,l,,
2015-11-04 09:44:18.460270,SAINSBURY,310421,"Red Wine, European, bottle",http://www.sainsburys.co.uk/shop/gb/groceries/drinks/red-wine,red wine ,0.0,AMARONE CLASSICO TORRE MASTIO 75CL,£23.00/unit,23.0,£23.00 / 75cl,23.0,75,cl,30.6667,l,Buy any 6 or more save 25%,Buy any 6 or more save 25%
2015-11-04 09:44:18.465579,SAINSBURY,310421,"Red Wine, European, bottle",http://www.sainsburys.co.uk/shop/gb/groceries/drinks/red-wine,red wine ,0.0,AMARONE PIETRO SARTORI 75CL,£17.00/unit,17.0,£17.00 / 75cl,17.0,75,cl,22.6667,l,Buy any 6 or more save 25%,Buy any 6 or more save 25%
2015-11-04 09:44:18.482724,SAINSBURY,211305,"Spreadable butter, 500g, 40-70% butter content",http://www.sainsburys.co.uk/shop/gb/groceries/dairy-eggs-chilled/spreadable-butter,spreadable butter 500g,0.67,ANCHOR LIGHTER SPREADABLE 500G,£3.25/unit,3.25,£6.50 / 1 kg,6.5,1,kg,6.5,kg,,
2015-11-04 09:44:18.499807,SAINSBURY,310427,"RUM, WHITE, BOTTLE",http://www.sainsburys.co.uk/shop/gb/groceries/drinks/rum,white rum ,0.5,BACARDI CARTA BLANCA RUM 70CL,£16.00/unit,16.0,£22.86 / 1 ltr,22.86,1,ltr,22.86,l,,
2015-11-04 09:44:18.504433,SAINSBURY,310427,"RUM, WHITE, BOTTLE",http://www.sainsburys.co.uk/shop/gb/groceries/drinks/rum,white rum ,0.5,BACARDI CARTA FUEGO RUM 70CL,£20.00/unit,20.0,£28.57 / 1 ltr,28.57,1,ltr,28.57,l,,
2015-11-04 09:44:18.508865,SAINSBURY,310427,"RUM, WHITE, BOTTLE",http://www.sainsburys.co.uk/shop/gb/groceries/drinks/rum,white rum ,0.5,BACARDI CARTA NEGRA RUM 70CL,£20.00/unit,20.0,£28.57 / 1 ltr,28.57,1,ltr,28.57,l,,
2015-11-04 09:44:18.514086,SAINSBURY,310421,"Red Wine, European, bottle",http://www.sainsburys.co.uk/shop/gb/groceries/drinks/red-wine,red wine ,0.0,ANTONIN RODET GEVREY CHAMBERTIN 75CL,£27.00/unit,27.0,£27.00 / 75cl,27.0,75,cl,36.0,l,Buy any 6 or more save 25%,Buy any 6 or more save 25%
2015-11-04 09:44:18.519181,SAINSBURY,310421,"Red Wine, European, bottle",http://www.sainsburys.co.uk/shop/gb/groceries/drinks/red-wine,red wine ,0.5,APOTHIC WINEMAKERS' BLEND RED 75CL,£10.00/unit,10.0,£10.00 / 75cl,10.0,75,cl,13.3333,l,Buy any 6 or more save 25%,Buy any 6 or more save 25%
2015-11-04 09:44:18.524273,SAINSBURY,211305,"Spreadable butter, 500g, 40-70% butter content",http://www.sainsburys.co.uk/shop/gb/groceries/dairy-eggs-chilled/spreadable-butter,spreadable butter 500g,0.33,ANCHOR SPREADABLE 250G,£1.80/unit,1.8,£7.20 / 1 kg,7.2,1,kg,7.2,kg,,
2015-11-04 09:44:18.528935,SAINSBURY,211305,"Spreadable butter, 500g, 40-70% butter content",http://www.sainsburys.co.uk/shop/gb/groceries/dairy-eggs-chilled/spreadable-butter,spreadable butter 500g,0.67,ANCHOR SPREADABLE 500G,£3.25/unit,3.25,£6.50 / 1 kg,6.5,1,kg,6.5,kg,,
2015-11-04 09:44:18.533397,SAINSBURY,211305,"Spreadable butter, 500g, 40-70% butter content",http://www.sainsburys.co.uk/shop/gb/groceries/dairy-eggs-chilled/spreadable-butter,spreadable butter 500g,0.67,ANCHOR UNSALTED SPREADABLE 500G,£3.25/unit,3.25,£6.50 / 1 kg,6.5,1,kg,6.5,kg,,
2015-11-04 09:44:18.539634,SAINSBURY,310427,"RUM, WHITE, BOTTLE",http://www.sainsburys.co.uk/shop/gb/groceries/drinks/rum,white rum ,0.5,BACARDI CARTA ORO RUM 70CL,£17.00/unit,17.0,£24.29 / 1 ltr,24.29,1,ltr,24.29,l,,
2015-11-04 09:44:18.543888,SAINSBURY,310427,"RUM, WHITE, BOTTLE",http://www.sainsburys.co.uk/shop/gb/groceries/drinks/rum,white rum ,0.0,BACARDI CLASSIC MOJITO 70CL,£8.50/unit,8.5,£12.15 / 1 ltr,12.15,1,ltr,12.15,l,Only £8.50: Save £1.50,Only £8.50: Save £1.50
2015-11-04 09:44:18.548141,SAINSBURY,310427,"RUM, WHITE, BOTTLE",http://www.sainsburys.co.uk/shop/gb/groceries/drinks/rum,white rum ,0.5,BACARDI OAKHEART RUM 70CL,£13.00/unit,13.0,£18.57 / 1 ltr,18.57,1,ltr,18.57,l,Only £13.00: Save £4.00,Only £13.00: Save £4.00
2015-11-04 09:44:18.553186,SAINSBURY,310421,"Red Wine, European, bottle",http://www.sainsburys.co.uk/shop/gb/groceries/drinks/red-wine,red wine ,0.0,BANROCK STATION SHIRAZ CABERNET 2.25L,£16.00/unit,16.0,£5.33 / 75cl,5.33,75,cl,7.1067,l,Buy any 6 or more save 25%,Buy any 6 or more save 25%
2015-11-04 09:44:18.557995,SAINSBURY,310421,"Red Wine, European, bottle",http://www.sainsburys.co.uk/shop/gb/groceries/drinks/red-wine,red wine ,0.0,BANROCK STATION SHIRAZ MATARO 75CL,£5.00/unit,5.0,£5.00 / 75cl,5.0,75,cl,6.6667,l,"Only £5.00: Save £1.50,PLUS Buy any 6 or more save 25%","Only £5.00: Save £1.50,PLUS Buy any 6 or more save 25%"
2015-11-04 09:44:18.562721,SAINSBURY,310421,"Red Wine, European, bottle",http://www.sainsburys.co.uk/shop/gb/groceries/drinks/red-wine,red wine ,0.0,BAREFOOT MERLOT 75CL,£7.00/unit,7.0,£7.00 / 75cl,7.0,75,cl,9.3333,l,Buy any 6 or more save 25%,Buy any 6 or more save 25%
2015-11-04 09:44:18.567335,SAINSBURY,211305,"Spreadable butter, 500g, 40-70% butter content",http://www.sainsburys.co.uk/shop/gb/groceries/dairy-eggs-chilled/spreadable-butter,spreadable butter 500g,0.33,BERTOLLI SPREAD WITH BUTTER 400G,£2.50/unit,2.5,£6.25 / 1 kg,6.25,1,kg,6.25,kg,,
2015-11-04 09:44:18.571618,SAINSBURY,211305,"Spreadable butter, 500g, 40-70% butter content",http://www.sainsburys.co.uk/shop/gb/groceries/dairy-eggs-chilled/spreadable-butter,spreadable butter 500g,0.67,COUNTRY LIFE SPREADABLE 500G,£2.90/unit,2.9,£5.80 / 1 kg,5.8,1,kg,5.8,kg,,
2015-11-04 09:44:18.575803,SAINSBURY,211305,"Spreadable butter, 500g, 40-70% butter content",http://www.sainsburys.co.uk/shop/gb/groceries/dairy-eggs-chilled/spreadable-butter,spreadable butter 500g,0.67,COUNTRY LIFE SPREADABLE LIGHTER 500G,£2.90/unit,2.9,£5.80 / 1 kg,5.8,1,kg,5.8,kg,,
2015-11-04 09:44:18.595833,SAINSBURY,310427,"RUM, WHITE, BOTTLE",http://www.sainsburys.co.uk/shop/gb/groceries/drinks/rum,white rum ,0.0,BACARDI PINA COLADA 70CL,£8.50/unit,8.5,£12.15 / 1 ltr,12.15,1,ltr,12.15,l,Only £8.50: Save £1.50,Only £8.50: Save £1.50
2015-11-04 09:44:18.599982,SAINSBURY,310427,"RUM, WHITE, BOTTLE",http://www.sainsburys.co.uk/shop/gb/groceries/drinks/rum,white rum ,0.5,CAPTAIN MORGAN RUM 70CL,£17.00/unit,17.0,£24.29 / 1 ltr,24.29,1,ltr,24.29,l,,
2015-11-04 09:44:18.603782,SAINSBURY,310427,"RUM, WHITE, BOTTLE",http://www.sainsburys.co.uk/shop/gb/groceries/drinks/rum,white rum ,0.0,CAPTAIN MORGAN'S SPICED GOLD 1L,£17.00/unit,17.0,£17.00 / 1 ltr,17.0,1,ltr,17.0,l,Only £17.00: Save £5.00,Only £17.00: Save £5.00
2015-11-04 09:44:18.608730,SAINSBURY,310421,"Red Wine, European, bottle",http://www.sainsburys.co.uk/shop/gb/groceries/drinks/red-wine,red wine ,0.0,BAREFOOT SHIRAZ 75CL,£7.00/unit,7.0,£7.00 / 75cl,7.0,75,cl,9.3333,l,Buy any 6 or more save 25%,Buy any 6 or more save 25%
2015-11-04 09:44:18.613226,SAINSBURY,310421,"Red Wine, European, bottle",http://www.sainsburys.co.uk/shop/gb/groceries/drinks/red-wine,red wine ,0.0,BARKAN CLASSIC CABERNET SAUVIGNON 75CL,£10.00/unit,10.0,£10.00 / 75cl,10.0,75,cl,13.3333,l,Buy any 6 or more save 25%,Buy any 6 or more save 25%
2015-11-04 09:44:18.617510,SAINSBURY,310421,"Red Wine, European, bottle",http://www.sainsburys.co.uk/shop/gb/groceries/drinks/red-wine,red wine ,0.0,BAROLO FONTANAFREDDA 75CL,£21.00/unit,21.0,£21.00 / 75cl,21.0,75,cl,28.0,l,Buy any 6 or more save 25%,Buy any 6 or more save 25%
2015-11-04 09:44:18.622031,SAINSBURY,211305,"Spreadable butter, 500g, 40-70% butter content",http://www.sainsburys.co.uk/shop/gb/groceries/dairy-eggs-chilled/spreadable-butter,spreadable butter 500g,0.0,FLORA GOLD SPREAD SLIGHTLY SALTED 400G,£2.50/unit,2.5,£6.25 / 1 kg,6.25,1,kg,6.25,kg,,
2015-11-04 09:44:18.626016,SAINSBURY,211305,"Spreadable butter, 500g, 40-70% butter content",http://www.sainsburys.co.uk/shop/gb/groceries/dairy-eggs-chilled/spreadable-butter,spreadable butter 500g,0.33,KERRYGOLD SOFTER BUTTER 250G,£1.90/unit,1.9,£7.60 / 1 kg,7.6,1,kg,7.6,kg,,
2015-11-04 09:44:18.629864,SAINSBURY,211305,"Spreadable butter, 500g, 40-70% butter content",http://www.sainsburys.co.uk/shop/gb/groceries/dairy-eggs-chilled/spreadable-butter,spreadable butter 500g,0.33,KERRYGOLD SPREADABLE 400G,£2.70/unit,2.7,£6.75 / 1 kg,6.75,1,kg,6.75,kg,,
2015-11-04 09:44:18.638133,SAINSBURY,211709,"Shop Milk, whole milk",http://www.sainsburys.co.uk/shop/gb/groceries/dairy-eggs-chilled/fresh-milk,whole,0.0,A2 SEMI SKIMMED MILK 1L,£1.35/unit,1.35,£1.35 / 1 ltr,1.35,1,ltr,1.35,l,,
2015-11-04 09:44:18.643711,SAINSBURY,211709,"Shop Milk, whole milk",http://www.sainsburys.co.uk/shop/gb/groceries/dairy-eggs-chilled/fresh-milk,whole,0.0,ARLA BIG MILK DRINK 2L 12 MONTH+,£2.25/unit,2.25,£1.13 / 1 ltr,1.13,1,ltr,1.13,l,Buy any 2 for £3.00,Buy any 2 for £3.00
2015-11-04 09:44:18.653310,SAINSBURY,310427,"RUM, WHITE, BOTTLE",http://www.sainsburys.co.uk/shop/gb/groceries/drinks/rum,white rum ,0.0,CAPTAIN MORGAN'S SPICED GOLD 70CL,£17.00/unit,17.0,£24.29 / 1 ltr,24.29,1,ltr,24.29,l,,
2015-11-04 09:44:18.656891,SAINSBURY,310427,"RUM, WHITE, BOTTLE",http://www.sainsburys.co.uk/shop/gb/groceries/drinks/rum,white rum ,0.5,CHAIRMANS RESERVE ST LUCIAN RUM 70CL,£20.00/unit,20.0,£28.57 / 1 ltr,28.57,1,ltr,28.57,l,,
2015-11-04 09:44:18.660319,SAINSBURY,310427,"RUM, WHITE, BOTTLE",http://www.sainsburys.co.uk/shop/gb/groceries/drinks/rum,white rum ,0.5,COCKSPUR FINE RUM 70CL,£14.00/unit,14.0,£20.00 / 1 ltr,20.0,1,ltr,20.0,l,,
2015-11-04 09:44:18.664620,SAINSBURY,310421,"Red Wine, European, bottle",http://www.sainsburys.co.uk/shop/gb/groceries/drinks/red-wine,red wine ,0.0,BARON DE LA VINAS RIOJA RESERVA 75CL,£10.00/unit,10.0,£10.00 / 75cl,10.0,75,cl,13.3333,l,"Buy any 2 for £14.00,PLUS Buy any 6 or more save 25%","Buy any 2 for £14.00,PLUS Buy any 6 or more save 25%"
2015-11-04 09:44:18.668822,SAINSBURY,310421,"Red Wine, European, bottle",http://www.sainsburys.co.uk/shop/gb/groceries/drinks/red-wine,red wine ,0.0,BARRAMUNDI SHIRAZ 75CL,£6.00/unit,6.0,£6.00 / 75cl,6.0,75,cl,8.0,l,"Only £6.00: Save £2.00,PLUS Buy any 6 or more save 25%","Only £6.00: Save £2.00,PLUS Buy any 6 or more save 25%"
2015-11-04 09:44:18.672828,SAINSBURY,310421,"Red Wine, European, bottle",http://www.sainsburys.co.uk/shop/gb/groceries/drinks/red-wine,red wine ,0.0,BELLINGHAM THE BERNARD SERIES SYRAH 75CL,£11.00/unit,11.0,£11.00 / 75cl,11.0,75,cl,14.6667,l,"Only £11.00: Save £1.00,PLUS Buy any 6 or more save 25%","Only £11.00: Save £1.00,PLUS Buy any 6 or more save 25%"
2015-11-04 09:44:18.676970,SAINSBURY,211305,"Spreadable butter, 500g, 40-70% butter content",http://www.sainsburys.co.uk/shop/gb/groceries/dairy-eggs-chilled/spreadable-butter,spreadable butter 500g,0.33,KERRYGOLD UNSALTED BUTTER 250G,£1.70/unit,1.7,£6.80 / 1 kg,6.8,1,kg,6.8,kg,,
2015-11-04 09:44:18.680928,SAINSBURY,211305,"Spreadable butter, 500g, 40-70% butter content",http://www.sainsburys.co.uk/shop/gb/groceries/dairy-eggs-chilled/spreadable-butter,spreadable butter 500g,0.33,LACTOFREE SPREADABLE 250G,£1.60/unit,1.6,£6.40 / 1 kg,6.4,1,kg,6.4,kg,,
2015-11-04 09:44:18.684444,SAINSBURY,211305,"Spreadable butter, 500g, 40-70% butter content",http://www.sainsburys.co.uk/shop/gb/groceries/dairy-eggs-chilled/spreadable-butter,spreadable butter 500g,0.33,LURPAK LIGHTER SPREADABLE 250G,£1.80/unit,1.8,£7.20 / 1 kg,7.2,1,kg,7.2,kg,,
2015-11-04 09:44:18.690231,SAINSBURY,211709,"Shop Milk, whole milk",http://www.sainsburys.co.uk/shop/gb/groceries/dairy-eggs-chilled/fresh-milk,whole,0.0,CRAVENDALE PUREFILTER SEMI SKIMMED MILK 1L,£1.00/unit,1.0,£1.00 / 1 g,1.0,1,g,1000.0,kg,Only £1.00: Save 15p,Only £1.00: Save 15p
2015-11-04 09:44:18.695623,SAINSBURY,211709,"Shop Milk, whole milk",http://www.sainsburys.co.uk/shop/gb/groceries/dairy-eggs-chilled/fresh-milk,whole,0.0,CRAVENDALE PUREFILTER SEMI SKIMMED MILK 2L,£2.00/unit,2.0,£1.00 / 1 ltr,1.0,1,ltr,1.0,l,Buy any 2 for £3.00,Buy any 2 for £3.00
2015-11-04 09:44:18.706551,SAINSBURY,310427,"RUM, WHITE, BOTTLE",http://www.sainsburys.co.uk/shop/gb/groceries/drinks/rum,white rum ,0.5,FLOR DE CANA ANEJO CLASICO 5 IMPORTED RUM 70CL,£22.50/unit,22.5,£22.50 / 1 ltr,22.5,1,ltr,22.5,l,,
2015-11-04 09:44:18.709795,SAINSBURY,310427,"RUM, WHITE, BOTTLE",http://www.sainsburys.co.uk/shop/gb/groceries/drinks/rum,white rum ,0.5,HAVANA CLUB ESPECIAL RUM 70CL,£20.00/unit,20.0,£28.57 / 1 ltr,28.57,1,ltr,28.57,l,,
2015-11-04 09:44:18.712878,SAINSBURY,310427,"RUM, WHITE, BOTTLE",http://www.sainsburys.co.uk/shop/gb/groceries/drinks/rum,white rum ,0.5,HAVANA CLUB RUM ANEJO 3 ANOS 700ML,£15.00/unit,15.0,£21.43 / 1 ltr,21.43,1,ltr,21.43,l,Only £15.00: Save £2.00,Only £15.00: Save £2.00
2015-11-04 09:44:18.715991,SAINSBURY,310427,"RUM, WHITE, BOTTLE",http://www.sainsburys.co.uk/shop/gb/groceries/drinks/rum,white rum ,0.5,LAMB'S NAVY RUM 1L,£21.00/unit,21.0,£21.00 / 1 ltr,21.0,1,ltr,21.0,l,,
2015-11-04 09:44:18.719906,SAINSBURY,310421,"Red Wine, European, bottle",http://www.sainsburys.co.uk/shop/gb/groceries/drinks/red-wine,red wine ,0.0,BEYERSKLOOF PINOTAGE 75CL,£8.00/unit,8.0,£8.00 / 75cl,8.0,75,cl,10.6667,l,"Buy any 2 for £12.00,PLUS Buy any 6 or more save 25%","Buy any 2 for £12.00,PLUS Buy any 6 or more save 25%"
2015-11-04 09:44:18.723705,SAINSBURY,310421,"Red Wine, European, bottle",http://www.sainsburys.co.uk/shop/gb/groceries/drinks/red-wine,red wine ,0.0,BEYERSKLOOF SYNERGY 75CL,£10.00/unit,10.0,£10.00 / 75cl,10.0,75,cl,13.3333,l,Buy any 6 or more save 25%,Buy any 6 or more save 25%
2015-11-04 09:44:18.727402,SAINSBURY,310421,"Red Wine, European, bottle",http://www.sainsburys.co.uk/shop/gb/groceries/drinks/red-wine,red wine ,0.5,BLOSSOM HILL RED 75CL,£5.00/unit,5.0,£5.00 / 75cl,5.0,75,cl,6.6667,l,Buy any 6 or more save 25%,Buy any 6 or more save 25%
2015-11-04 09:44:18.731198,SAINSBURY,211305,"Spreadable butter, 500g, 40-70% butter content",http://www.sainsburys.co.uk/shop/gb/groceries/dairy-eggs-chilled/spreadable-butter,spreadable butter 500g,0.67,LURPAK LIGHTER SPREADABLE 500G,£3.25/unit,3.25,£6.50 / 1 kg,6.5,1,kg,6.5,kg,Buy any 2 for £4.00,Buy any 2 for £4.00
2015-11-04 09:44:18.734589,SAINSBURY,211305,"Spreadable butter, 500g, 40-70% butter content",http://www.sainsburys.co.uk/shop/gb/groceries/dairy-eggs-chilled/spreadable-butter,spreadable butter 500g,0.67,LURPAK LIGHTEST SPREADABLE 500G,£3.25/unit,3.25,£6.50 / 1 kg,6.5,1,kg,6.5,kg,Buy any 2 for £4.00,Buy any 2 for £4.00
2015-11-04 09:44:18.737899,SAINSBURY,211305,"Spreadable butter, 500g, 40-70% butter content",http://www.sainsburys.co.uk/shop/gb/groceries/dairy-eggs-chilled/spreadable-butter,spreadable butter 500g,0.33,LURPAK SLIGHTLY SALTED SPREADABLE 250G,£1.80/unit,1.8,£7.20 / 1 kg,7.2,1,kg,7.2,kg,,
2015-11-04 09:44:18.743493,SAINSBURY,211709,"Shop Milk, whole milk",http://www.sainsburys.co.uk/shop/gb/groceries/dairy-eggs-chilled/fresh-milk,whole,0.0,CRAVENDALE PUREFILTER SKIMMED MILK 1L,£1.00/unit,1.0,£1.00 / 1 ltr,1.0,1,ltr,1.0,l,Only £1.00: Save 15p,Only £1.00: Save 15p
2015-11-04 09:44:18.748529,SAINSBURY,211709,"Shop Milk, whole milk",http://www.sainsburys.co.uk/shop/gb/groceries/dairy-eggs-chilled/fresh-milk,whole,0.0,CRAVENDALE PUREFILTER SKIMMED MILK 2L,£2.00/unit,2.0,£1.00 / 1 ltr,1.0,1,ltr,1.0,l,Buy any 2 for £3.00,Buy any 2 for £3.00
2015-11-04 09:44:18.776715,SAINSBURY,310427,"RUM, WHITE, BOTTLE",http://www.sainsburys.co.uk/shop/gb/groceries/drinks/rum,white rum ,0.5,LAMB'S NAVY RUM 70CL,£17.00/unit,17.0,£24.29 / 1 ltr,24.29,1,ltr,24.29,l,,
2015-11-04 09:44:18.779519,SAINSBURY,310427,"RUM, WHITE, BOTTLE",http://www.sainsburys.co.uk/shop/gb/groceries/drinks/rum,white rum ,0.5,MALIBU CARIBBEAN RUM WITH COCONUT 1L,£20.00/unit,20.0,£20.00 / 1 ltr,20.0,1,ltr,20.0,l,,
2015-11-04 09:44:18.782104,SAINSBURY,310427,"RUM, WHITE, BOTTLE",http://www.sainsburys.co.uk/shop/gb/groceries/drinks/rum,white rum ,0.5,MALIBU CARIBBEAN RUM WITH COCONUT 35CL,£8.50/unit,8.5,£24.29 / 1 ltr,24.29,1,ltr,24.29,l,,
2015-11-04 09:44:18.784615,SAINSBURY,310427,"RUM, WHITE, BOTTLE",http://www.sainsburys.co.uk/shop/gb/groceries/drinks/rum,white rum ,0.5,MALIBU CARIBBEAN RUM WITH COCONUT 70CL,£10.00/unit,10.0,£14.29 / 1 ltr,14.29,1,ltr,14.29,l,Only £10.00: Save £5.00,Only £10.00: Save £5.00
2015-11-04 09:44:18.788400,SAINSBURY,310421,"Red Wine, European, bottle",http://www.sainsburys.co.uk/shop/gb/groceries/drinks/red-wine,red wine ,0.0,BOUCHARD AINE ET FILS PINOT NOIR 75CL,£8.00/unit,8.0,£8.00 / 75cl,8.0,75,cl,10.6667,l,"Buy any 2 for £12.00,PLUS Buy any 6 or more save 25%","Buy any 2 for £12.00,PLUS Buy any 6 or more save 25%"
2015-11-04 09:44:18.792012,SAINSBURY,310421,"Red Wine, European, bottle",http://www.sainsburys.co.uk/shop/gb/groceries/drinks/red-wine,red wine ,0.0,BRANCOTT ESTATE CABERNET MERLOT 75CL,£9.00/unit,9.0,£9.00 / 75cl,9.0,75,cl,12.0,l,Buy any 6 or more save 25%,Buy any 6 or more save 25%
2015-11-04 09:44:18.795295,SAINSBURY,310421,"Red Wine, European, bottle",http://www.sainsburys.co.uk/shop/gb/groceries/drinks/red-wine,red wine ,0.0,BRANCOTT ESTATE PINOT NOIR 75CL,£11.00/unit,11.0,£11.00 / 75cl,11.0,75,cl,14.6667,l,Buy any 6 or more save 25%,Buy any 6 or more save 25%
2015-11-04 09:44:18.798645,SAINSBURY,211305,"Spreadable butter, 500g, 40-70% butter content",http://www.sainsburys.co.uk/shop/gb/groceries/dairy-eggs-chilled/spreadable-butter,spreadable butter 500g,0.33,LURPAK SPREADABLE 1KG,£6.20/unit,6.2,£6.20 / 1 kg,6.2,1,kg,6.2,kg,,
2015-11-04 09:44:18.801628,SAINSBURY,211305,"Spreadable butter, 500g, 40-70% butter content",http://www.sainsburys.co.uk/shop/gb/groceries/dairy-eggs-chilled/spreadable-butter,spreadable butter 500g,0.67,LURPAK SPREADABLE 500G,£3.25/unit,3.25,£6.50 / 1 kg,6.5,1,kg,6.5,kg,Buy any 2 for £4.00,Buy any 2 for £4.00
2015-11-04 09:44:18.804558,SAINSBURY,211305,"Spreadable butter, 500g, 40-70% butter content",http://www.sainsburys.co.uk/shop/gb/groceries/dairy-eggs-chilled/spreadable-butter,spreadable butter 500g,0.67,LURPAK SPREADABLE WITH OLIVE OIL 500G,£3.25/unit,3.25,£6.50 / 1 kg,6.5,1,kg,6.5,kg,Buy any 2 for £4.00,Buy any 2 for £4.00
2015-11-04 09:44:18.807365,SAINSBURY,211305,"Spreadable butter, 500g, 40-70% butter content",http://www.sainsburys.co.uk/shop/gb/groceries/dairy-eggs-chilled/spreadable-butter,spreadable butter 500g,0.67,LURPAK UNSALTED LIGHTER SPREADABLE 500G,£3.25/unit,3.25,£6.50 / 1 kg,6.5,1,kg,6.5,kg,Buy any 2 for £4.00,Buy any 2 for £4.00
2015-11-04 09:44:18.812822,SAINSBURY,211709,"Shop Milk, whole milk",http://www.sainsburys.co.uk/shop/gb/groceries/dairy-eggs-chilled/fresh-milk,whole,1.0,CRAVENDALE PUREFILTER WHOLE MILK 1L,£1.00/unit,1.0,£1.00 / 1 ltr,1.0,1,ltr,1.0,l,Only £1.00: Save 15p,Only £1.00: Save 15p
2015-11-04 09:44:18.817670,SAINSBURY,211709,"Shop Milk, whole milk",http://www.sainsburys.co.uk/shop/gb/groceries/dairy-eggs-chilled/fresh-milk,whole,1.0,CRAVENDALE PUREFILTER WHOLE MILK 2L,£2.00/unit,2.0,£1.00 / 1 ltr,1.0,1,ltr,1.0,l,Buy any 2 for £3.00,Buy any 2 for £3.00
2015-11-04 09:44:18.824110,SAINSBURY,211901,"Tea bags, per packet of 80, 250g",http://www.sainsburys.co.uk/shop/gb/groceries/drinks/everyday-tea,80 250g,0.0,CAFÉDIRECT EVERYDAY TEA BAGS FAIRTRADE X80,£2.60/unit,2.6,£1.04 / 100g,1.04,100,g,10.4,kg,,
2015-11-04 09:44:18.829350,SAINSBURY,211901,"Tea bags, per packet of 80, 250g",http://www.sainsburys.co.uk/shop/gb/groceries/drinks/everyday-tea,80 250g,0.0,CLIPPER ENGLISH BREAKFAST X40,£2.20/unit,2.2,£1.76 / 100g,1.76,100,g,17.6,kg,,
2015-11-04 09:44:18.849474,SAINSBURY,310427,"RUM, WHITE, BOTTLE",http://www.sainsburys.co.uk/shop/gb/groceries/drinks/rum,white rum ,0.5,MOUNT GAY EXTRA OLD RUM 70CL,£31.00/unit,31.0,£44.28 / 1 ltr,44.28,1,ltr,44.28,l,Only £31.00: Save £3.00,Only £31.00: Save £3.00
2015-11-04 09:44:18.851881,SAINSBURY,310427,"RUM, WHITE, BOTTLE",http://www.sainsburys.co.uk/shop/gb/groceries/drinks/rum,white rum ,0.0,"MOUNT GAY GOLDEN RUM, 70CL",£17.00/unit,17.0,£24.29 / 1 ltr,24.29,1,ltr,24.29,l,,
2015-11-04 09:44:18.861762,SAINSBURY,310421,"Red Wine, European, bottle",http://www.sainsburys.co.uk/shop/gb/groceries/drinks/red-wine,red wine ,0.0,BROWN BROTHERS TARRANGO 75CL,£7.00/unit,7.0,£7.00 / 75cl,7.0,75,cl,9.3333,l,Buy any 6 or more save 25%,Buy any 6 or more save 25%
2015-11-04 09:44:18.865351,SAINSBURY,310421,"Red Wine, European, bottle",http://www.sainsburys.co.uk/shop/gb/groceries/drinks/red-wine,red wine ,0.0,CAJA ROJA MONASTRELL TEMPRANILLO 2.25L,£16.00/unit,16.0,£5.33 / 75cl,5.33,75,cl,7.1067,l,Buy any 6 or more save 25%,Buy any 6 or more save 25%
2015-11-04 09:44:18.868339,SAINSBURY,310421,"Red Wine, European, bottle",http://www.sainsburys.co.uk/shop/gb/groceries/drinks/red-wine,red wine ,0.0,CAMPO VIEJO GRAN RESERVA RIOJA 75CL,£15.00/unit,15.0,£15.00 / 75cl,15.0,75,cl,20.0,l,Buy any 6 or more save 25%,Buy any 6 or more save 25%
2015-11-04 09:44:18.871140,SAINSBURY,310421,"Red Wine, European, bottle",http://www.sainsburys.co.uk/shop/gb/groceries/drinks/red-wine,red wine ,0.0,CAMPO VIEJO RIOJA RESERVA 75CL,£10.00/unit,10.0,£10.00 / 75cl,10.0,75,cl,13.3333,l,Buy any 6 or more save 25%,Buy any 6 or more save 25%
2015-11-04 09:44:18.873902,SAINSBURY,211305,"Spreadable butter, 500g, 40-70% butter content",http://www.sainsburys.co.uk/shop/gb/groceries/dairy-eggs-chilled/spreadable-butter,spreadable butter 500g,0.67,LURPAK UNSALTED SPREADABLE 500G,£3.25/unit,3.25,£6.50 / 1 kg,6.5,1,kg,6.5,kg,Buy any 2 for £4.00,Buy any 2 for £4.00
2015-11-04 09:44:18.876496,SAINSBURY,211305,"Spreadable butter, 500g, 40-70% butter content",http://www.sainsburys.co.uk/shop/gb/groceries/dairy-eggs-chilled/spreadable-butter,spreadable butter 500g,0.67,PRESIDENT SPREADABLE SLIGHTLY SALTED BUTTER 250G,£1.70/unit,1.7,£6.80 / 1 kg,6.8,1,kg,6.8,kg,,
2015-11-04 09:44:18.878767,SAINSBURY,211305,"Spreadable butter, 500g, 40-70% butter content",http://www.sainsburys.co.uk/shop/gb/groceries/dairy-eggs-chilled/spreadable-butter,spreadable butter 500g,0.33,SAINSBURY'S BUTTERSOFT 500G,£1.80/unit,1.8,£3.60 / 1 kg,3.6,1,kg,3.6,kg,,
2015-11-04 09:44:18.886330,SAINSBURY,211709,"Shop Milk, whole milk",http://www.sainsburys.co.uk/shop/gb/groceries/dairy-eggs-chilled/fresh-milk,whole,0.0,FLORA PRO-ACTIV MILK 1L,£1.35/unit,1.35,£1.35 / 1 ltr,1.35,1,ltr,1.35,l,,
2015-11-04 09:44:18.890850,SAINSBURY,211709,"Shop Milk, whole milk",http://www.sainsburys.co.uk/shop/gb/groceries/dairy-eggs-chilled/fresh-milk,whole,0.0,GRAHAM'S GOLD JERSEY FULL CREAM MILK 1L,£1.15/unit,1.15,£1.15 / 1 ltr,1.15,1,ltr,1.15,l,,
2015-11-04 09:44:18.895267,SAINSBURY,211709,"Shop Milk, whole milk",http://www.sainsburys.co.uk/shop/gb/groceries/dairy-eggs-chilled/fresh-milk,whole,0.0,LACTOFREE SEMI SKIMMED 1L,£1.35/unit,1.35,£1.35 / 1 ltr,1.35,1,ltr,1.35,l,Buy any 3 for £3.00,Buy any 3 for £3.00
2015-11-04 09:44:18.900874,SAINSBURY,211901,"Tea bags, per packet of 80, 250g",http://www.sainsburys.co.uk/shop/gb/groceries/drinks/everyday-tea,80 250g,0.0,CLIPPER EVERYDAY TEA BAGS DECAFFEINATED ORGANIC X40,£2.20/unit,2.2,£1.76 / 100g,1.76,100,g,17.6,kg,,
2015-11-04 09:44:18.905742,SAINSBURY,211901,"Tea bags, per packet of 80, 250g",http://www.sainsburys.co.uk/shop/gb/groceries/drinks/everyday-tea,80 250g,0.0,CLIPPER EVERYDAY TEA BAGS ORGANIC X80,£2.60/unit,2.6,£1.04 / 100g,1.04,100,g,10.4,kg,,
2015-11-04 09:44:18.911969,SAINSBURY,310401,"Whisky, bottle",http://www.sainsburys.co.uk/shop/gb/groceries/drinks/all-whisky,whisky,1.0,ABERFELDY 12 YEAR OLD MALT WHISKY 70CL,£35.00/unit,35.0,£50.00 / 1 ltr,50.0,1,ltr,50.0,l,,
2015-11-04 09:44:18.917037,SAINSBURY,310401,"Whisky, bottle",http://www.sainsburys.co.uk/shop/gb/groceries/drinks/all-whisky,whisky,1.0,ABERLOUR 10 YEAR OLD MALT WHISKY 70CL,£22.00/unit,22.0,£31.43 / 1 ltr,31.43,1,ltr,31.43,l,Only £22.00: Save £8.00,Only £22.00: Save £8.00
2015-11-04 09:44:18.941859,SAINSBURY,310421,"Red Wine, European, bottle",http://www.sainsburys.co.uk/shop/gb/groceries/drinks/red-wine,red wine ,0.0,CAMPO VIEJO RIOJA TEMPRANILLO 18.7CL,£2.50/unit,2.5,£10.03 / 75cl,10.03,75,cl,13.3733,l,Buy any 6 or more save 25%,Buy any 6 or more save 25%
2015-11-04 09:44:18.944475,SAINSBURY,310421,"Red Wine, European, bottle",http://www.sainsburys.co.uk/shop/gb/groceries/drinks/red-wine,red wine ,0.0,CAMPO VIEJO RIOJA TEMPRANILLO 75CL,£8.00/unit,8.0,£8.00 / 75cl,8.0,75,cl,10.6667,l,Buy any 6 or more save 25%,Buy any 6 or more save 25%
2015-11-04 09:44:18.946829,SAINSBURY,310421,"Red Wine, European, bottle",http://www.sainsburys.co.uk/shop/gb/groceries/drinks/red-wine,red wine ,0.0,CANTI MERLOT SANGIOVESE IGT SICILIA 75CL,£5.00/unit,5.0,£5.00 / 75cl,5.0,75,cl,6.6667,l,Buy any 6 or more save 25%,Buy any 6 or more save 25%
2015-11-04 09:44:18.958064,SAINSBURY,211709,"Shop Milk, whole milk",http://www.sainsburys.co.uk/shop/gb/groceries/dairy-eggs-chilled/fresh-milk,whole,0.0,LACTOFREE SKIMMED 1L,£1.35/unit,1.35,£1.35 / 1 ltr,1.35,1,ltr,1.35,l,Buy any 3 for £3.00,Buy any 3 for £3.00
2015-11-04 09:44:18.962312,SAINSBURY,211709,"Shop Milk, whole milk",http://www.sainsburys.co.uk/shop/gb/groceries/dairy-eggs-chilled/fresh-milk,whole,1.0,LACTOFREE WHOLE 1L,£1.35/unit,1.35,£1.35 / 1 ltr,1.35,1,ltr,1.35,l,Buy any 3 for £3.00,Buy any 3 for £3.00
2015-11-04 09:44:18.966426,SAINSBURY,211709,"Shop Milk, whole milk",http://www.sainsburys.co.uk/shop/gb/groceries/dairy-eggs-chilled/fresh-milk,whole,0.0,SAINSBURY'S BRITISH 1% FAT MILK 1.13L (2 PINT),£0.75/unit,0.75,£0.66 / 1 ltr,0.66,1,ltr,0.66,l,,
2015-11-04 09:44:18.971476,SAINSBURY,211901,"Tea bags, per packet of 80, 250g",http://www.sainsburys.co.uk/shop/gb/groceries/drinks/everyday-tea,80 250g,0.0,CLIPPER FAIRTRADE BIG BREAKFAST TEA BAGS X80,£3.00/unit,3.0,£1.20 / 100g,1.2,100,g,12.0,kg,,
2015-11-04 09:44:18.976103,SAINSBURY,211901,"Tea bags, per packet of 80, 250g",http://www.sainsburys.co.uk/shop/gb/groceries/drinks/everyday-tea,80 250g,0.0,DORSET TEA BAGS X80,£2.65/unit,2.65,£1.06 / 100g,1.06,100,g,10.6,kg,,
2015-11-04 09:44:18.980658,SAINSBURY,211901,"Tea bags, per packet of 80, 250g",http://www.sainsburys.co.uk/shop/gb/groceries/drinks/everyday-tea,80 250g,0.0,LIFT APPLE TEA 300G,£1.70/unit,1.7,£0.57 / 100g,0.57,100,g,5.7,kg,,
2015-11-04 09:44:18.985843,SAINSBURY,310401,"Whisky, bottle",http://www.sainsburys.co.uk/shop/gb/groceries/drinks/all-whisky,whisky,1.0,ABERLOUR 12 YEAR OLD MALT WHISKY 70CL,£35.00/unit,35.0,£50.00 / 1 ltr,50.0,1,ltr,50.0,l,,
2015-11-04 09:44:18.990685,SAINSBURY,310401,"Whisky, bottle",http://www.sainsburys.co.uk/shop/gb/groceries/drinks/all-whisky,whisky,1.0,ABERLOUR 16 YEAR OLD MALT WHISKY 70CL,£45.00/unit,45.0,£64.29 / 1 ltr,64.29,1,ltr,64.29,l,,
2015-11-04 09:44:18.997585,SAINSBURY,310403,"Vodka, bottle",http://www.sainsburys.co.uk/shop/gb/groceries/drinks/vodka,vodka,1.0,ABSOLUT CHERRYS VODKA 70CL,£15.00/unit,15.0,£21.43 / 1 ltr,21.43,1,ltr,21.43,l,Only £15.00: Save £5.00,Only £15.00: Save £5.00
2015-11-04 09:44:19.003121,SAINSBURY,310403,"Vodka, bottle",http://www.sainsburys.co.uk/shop/gb/groceries/drinks/vodka,vodka,1.0,ABSOLUT CITRON VODKA 70CL,£15.00/unit,15.0,£21.43 / 1 ltr,21.43,1,ltr,21.43,l,Only £15.00: Save £5.00,Only £15.00: Save £5.00
2015-11-04 09:44:19.013247,SAINSBURY,211709,"Shop Milk, whole milk",http://www.sainsburys.co.uk/shop/gb/groceries/dairy-eggs-chilled/fresh-milk,whole,0.0,SAINSBURY'S BRITISH 1% FAT MILK 2.27L (4PINT),£1.00/unit,1.0,£0.44 / 1 ltr,0.44,1,ltr,0.44,l,,
2015-11-04 09:44:19.017151,SAINSBURY,211709,"Shop Milk, whole milk",http://www.sainsburys.co.uk/shop/gb/groceries/dairy-eggs-chilled/fresh-milk,whole,0.0,SAINSBURY'S BRITISH FILTERED SEMI-SKIMMED MILK 2L,£1.50/unit,1.5,£0.75 / 1 ltr,0.75,1,ltr,0.75,l,,
2015-11-04 09:44:19.020865,SAINSBURY,211709,"Shop Milk, whole milk",http://www.sainsburys.co.uk/shop/gb/groceries/dairy-eggs-chilled/fresh-milk,whole,0.0,SAINSBURY'S BRITISH FILTERED SKIMMED MILK 2L,£1.50/unit,1.5,£0.75 / 1 ltr,0.75,1,ltr,0.75,l,,
2015-11-04 09:44:19.025561,SAINSBURY,211901,"Tea bags, per packet of 80, 250g",http://www.sainsburys.co.uk/shop/gb/groceries/drinks/everyday-tea,80 250g,0.0,PG TIPS DECAF PYRAMID TEA BAGS X160 500G,£4.50/unit,4.5,£0.90 / 100g,0.9,100,g,9.0,kg,,
2015-11-04 09:44:19.029966,SAINSBURY,211901,"Tea bags, per packet of 80, 250g",http://www.sainsburys.co.uk/shop/gb/groceries/drinks/everyday-tea,80 250g,0.5,PG TIPS DECAF PYRAMID TEA BAGS X80 250G,£2.30/unit,2.3,£0.92 / 100g,0.92,100,g,9.2,kg,,
2015-11-04 09:44:19.034208,SAINSBURY,211901,"Tea bags, per packet of 80, 250g",http://www.sainsburys.co.uk/shop/gb/groceries/drinks/everyday-tea,80 250g,0.0,PG TIPS GOLD TEA BAGS 80'S 232G,£3.00/unit,3.0,£1.29 / 100g,1.29,100,g,12.9,kg,,
2015-11-04 09:44:19.039166,SAINSBURY,310401,"Whisky, bottle",http://www.sainsburys.co.uk/shop/gb/groceries/drinks/all-whisky,whisky,1.0,ARDBEG 10 YEAR OLD MALT WHISKY 70CL,£45.00/unit,45.0,£64.29 / 1 ltr,64.29,1,ltr,64.29,l,,
2015-11-04 09:44:19.043836,SAINSBURY,310401,"Whisky, bottle",http://www.sainsburys.co.uk/shop/gb/groceries/drinks/all-whisky,whisky,1.0,AUCHENTOSHAN CLASSIC MALT WHISKY 70CL,£26.00/unit,26.0,£37.14 / 1 ltr,37.14,1,ltr,37.14,l,,
2015-11-04 09:44:19.048365,SAINSBURY,310401,"Whisky, bottle",http://www.sainsburys.co.uk/shop/gb/groceries/drinks/all-whisky,whisky,1.0,BALLANTINES FINEST WHISKY 70CL,£15.00/unit,15.0,£21.43 / 1 ltr,21.43,1,ltr,21.43,l,Only £15.00: Save £5.00,Only £15.00: Save £5.00
2015-11-04 09:44:19.054163,SAINSBURY,310403,"Vodka, bottle",http://www.sainsburys.co.uk/shop/gb/groceries/drinks/vodka,vodka,1.0,ABSOLUT MANGO VODKA 70CL,£15.00/unit,15.0,£21.43 / 1 ltr,21.43,1,ltr,21.43,l,Only £15.00: Save £5.00,Only £15.00: Save £5.00
2015-11-04 09:44:19.059451,SAINSBURY,310403,"Vodka, bottle",http://www.sainsburys.co.uk/shop/gb/groceries/drinks/vodka,vodka,1.0,ABSOLUT RASPBERRI VODKA 70CL,£15.00/unit,15.0,£21.43 / 1 ltr,21.43,1,ltr,21.43,l,Only £15.00: Save £5.00,Only £15.00: Save £5.00
2015-11-04 09:44:19.087894,SAINSBURY,211709,"Shop Milk, whole milk",http://www.sainsburys.co.uk/shop/gb/groceries/dairy-eggs-chilled/fresh-milk,whole,1.0,SAINSBURY'S BRITISH FILTERED WHOLE MILK 2L,£1.50/unit,1.5,£0.75 / 1 ltr,0.75,1,ltr,0.75,l,,
2015-11-04 09:44:19.091473,SAINSBURY,211709,"Shop Milk, whole milk",http://www.sainsburys.co.uk/shop/gb/groceries/dairy-eggs-chilled/fresh-milk,whole,0.0,SAINSBURY'S BRITISH SEMI SKIMMED MILK 1.13L (2 PINT),£0.75/unit,0.75,£0.66 / 1 ea,0.66,1,ea,0.66,each,,
2015-11-04 09:44:19.094778,SAINSBURY,211709,"Shop Milk, whole milk",http://www.sainsburys.co.uk/shop/gb/groceries/dairy-eggs-chilled/fresh-milk,whole,0.0,SAINSBURY'S BRITISH SEMI SKIMMED MILK 2.27L (4 PINT),£1.00/unit,1.0,£0.44 / 1 ltr,0.44,1,ltr,0.44,l,,
2015-11-04 09:44:19.099247,SAINSBURY,211901,"Tea bags, per packet of 80, 250g",http://www.sainsburys.co.uk/shop/gb/groceries/drinks/everyday-tea,80 250g,0.5,PG TIPS LOOSE EVERYDAY TEA 250G (80 CUPS),£1.80/unit,1.8,£0.72 / 100g,0.72,100,g,7.2,kg,,
2015-11-04 09:44:19.103418,SAINSBURY,211901,"Tea bags, per packet of 80, 250g",http://www.sainsburys.co.uk/shop/gb/groceries/drinks/everyday-tea,80 250g,0.0,PG TIPS PYRAMID TEA BAGS X160 464G,£3.00/unit,3.0,£0.65 / 100ea,0.65,100,ea,0.0065,each,Only £3.00: Save £1.00,Only £3.00: Save £1.00
2015-11-04 09:44:19.107440,SAINSBURY,211901,"Tea bags, per packet of 80, 250g",http://www.sainsburys.co.uk/shop/gb/groceries/drinks/everyday-tea,80 250g,0.0,PG TIPS PYRAMID TEA BAGS X240 696G,£5.00/unit,5.0,£0.72 / 100g,0.72,100,g,7.2,kg,,
2015-11-04 09:44:19.112159,SAINSBURY,310401,"Whisky, bottle",http://www.sainsburys.co.uk/shop/gb/groceries/drinks/all-whisky,whisky,1.0,BALVENIE 12 YEAR OLD DOUBLEWOOD MALT WHISKY 70CL,£35.00/unit,35.0,£50.00 / 1 ltr,50.0,1,ltr,50.0,l,,
2015-11-04 09:44:19.116450,SAINSBURY,310401,"Whisky, bottle",http://www.sainsburys.co.uk/shop/gb/groceries/drinks/all-whisky,whisky,1.0,BALVENIE 14 YEAR OLD CARIBBEAN CASK MALT WHISKY 70CL,£40.00/unit,40.0,£57.14 / 1 ltr,57.14,1,ltr,57.14,l,,
2015-11-04 09:44:19.120615,SAINSBURY,310401,"Whisky, bottle",http://www.sainsburys.co.uk/shop/gb/groceries/drinks/all-whisky,whisky,1.0,BALVENIE 17 YEAR OLD DOUBLEWOOD MALT WHISKY 70CL,£70.00/unit,70.0,£100.00 / 1 ltr,100.0,1,ltr,100.0,l,,
2015-11-04 09:44:19.126142,SAINSBURY,310403,"Vodka, bottle",http://www.sainsburys.co.uk/shop/gb/groceries/drinks/vodka,vodka,1.0,ABSOLUT VANILLA VODKA 70CL,£15.00/unit,15.0,£21.43 / 1 ltr,21.43,1,ltr,21.43,l,Only £15.00: Save £5.00,Only £15.00: Save £5.00
2015-11-04 09:44:19.131179,SAINSBURY,310403,"Vodka, bottle",http://www.sainsburys.co.uk/shop/gb/groceries/drinks/vodka,vodka,1.0,ABSOLUT VODKA 1L,£20.00/unit,20.0,£20.00 / 1 ltr,20.0,1,ltr,20.0,l,Only £20.00: Save £4.00,Only £20.00: Save £4.00
2015-11-04 09:44:19.139231,SAINSBURY,210111,"White Sliced Loaf, branded",http://www.sainsburys.co.uk/shop/gb/groceries/bakery/white-bread,sliced ,0.0,POPPY APPEAL 50P DONATION (STICK-ON POPPY),£0.50/unit,0.5,£0.50 / 1 ea,0.5,1,ea,0.5,each,,
2015-11-04 09:44:19.145373,SAINSBURY,210111,"White Sliced Loaf, branded",http://www.sainsburys.co.uk/shop/gb/groceries/bakery/white-bread,sliced ,0.0,POPPY APPEAL £1 DONATION (STICK-ON POPPY),£1.00/unit,1.0,£1.00 / 1 g,1.0,1,g,1000.0,kg,,
2015-11-04 09:44:19.150703,SAINSBURY,211709,"Shop Milk, whole milk",http://www.sainsburys.co.uk/shop/gb/groceries/dairy-eggs-chilled/fresh-milk,whole,0.0,SAINSBURY'S BRITISH SEMI SKIMMED MILK 3.4L (6 PINT),£1.48/unit,1.48,£0.43 / 1 ltr,0.43,1,ltr,0.43,l,,
2015-11-04 09:44:19.153797,SAINSBURY,211709,"Shop Milk, whole milk",http://www.sainsburys.co.uk/shop/gb/groceries/dairy-eggs-chilled/fresh-milk,whole,0.0,SAINSBURY'S BRITISH SEMI SKIMMED MILK 568ML (1 PINT),£0.45/unit,0.45,£0.79 / 1 ltr,0.79,1,ltr,0.79,l,,
2015-11-04 09:44:19.156722,SAINSBURY,211709,"Shop Milk, whole milk",http://www.sainsburys.co.uk/shop/gb/groceries/dairy-eggs-chilled/fresh-milk,whole,0.0,"SAINSBURY'S BRITISH SEMI SKIMMED MILK, SO ORGANIC 1.13L (2 PINT)",£1.10/unit,1.1,£0.97 / 1 ltr,0.97,1,ltr,0.97,l,,
2015-11-04 09:44:19.159472,SAINSBURY,211709,"Shop Milk, whole milk",http://www.sainsburys.co.uk/shop/gb/groceries/dairy-eggs-chilled/fresh-milk,whole,0.0,"SAINSBURY'S BRITISH SEMI SKIMMED MILK, SO ORGANIC 2.27L (4 PINT)",£1.85/unit,1.85,£0.81 / 1 ltr,0.81,1,ltr,0.81,l,,
2015-11-04 09:44:19.163395,SAINSBURY,211901,"Tea bags, per packet of 80, 250g",http://www.sainsburys.co.uk/shop/gb/groceries/drinks/everyday-tea,80 250g,0.0,PG TIPS PYRAMID TEA BAGS X40 125G,£1.30/unit,1.3,£1.12 / 100g,1.12,100,g,11.2,kg,,
2015-11-04 09:44:19.167036,SAINSBURY,211901,"Tea bags, per packet of 80, 250g",http://www.sainsburys.co.uk/shop/gb/groceries/drinks/everyday-tea,80 250g,0.0,PG TIPS PYRAMID TEA BAGS X80 232G,£2.30/unit,2.3,£0.99 / 100g,0.99,100,g,9.9,kg,,
2015-11-04 09:44:19.170576,SAINSBURY,211901,"Tea bags, per packet of 80, 250g",http://www.sainsburys.co.uk/shop/gb/groceries/drinks/everyday-tea,80 250g,0.0,PG TIPS STRONG PYRAMID TEA BAGS X80 232G,£2.60/unit,2.6,£1.12 / 100g,1.12,100,g,11.2,kg,,
2015-11-04 09:44:19.175031,SAINSBURY,310401,"Whisky, bottle",http://www.sainsburys.co.uk/shop/gb/groceries/drinks/all-whisky,whisky,1.0,BELL'S SCOTCH WHISKY 1L,£22.00/unit,22.0,£22.00 / 1 ltr,22.0,1,ltr,22.0,l,,
2015-11-04 09:44:19.179073,SAINSBURY,310401,"Whisky, bottle",http://www.sainsburys.co.uk/shop/gb/groceries/drinks/all-whisky,whisky,1.0,BELL'S SCOTCH WHISKY 35CL,£9.50/unit,9.5,£27.14 / 1 ltr,27.14,1,ltr,27.14,l,,
2015-11-04 09:44:19.182954,SAINSBURY,310401,"Whisky, bottle",http://www.sainsburys.co.uk/shop/gb/groceries/drinks/all-whisky,whisky,1.0,BELL'S SCOTCH WHISKY 70CL,£17.00/unit,17.0,£24.29 / 1 ltr,24.29,1,ltr,24.29,l,,
2015-11-04 09:44:19.188214,SAINSBURY,310403,"Vodka, bottle",http://www.sainsburys.co.uk/shop/gb/groceries/drinks/vodka,vodka,1.0,ABSOLUT VODKA 35CL,£10.50/unit,10.5,£30.00 / 1 ltr,30.0,1,ltr,30.0,l,,
2015-11-04 09:44:19.192860,SAINSBURY,310403,"Vodka, bottle",http://www.sainsburys.co.uk/shop/gb/groceries/drinks/vodka,vodka,1.0,ABSOLUT VODKA 70CL,£20.00/unit,20.0,£28.57 / 1 ltr,28.57,1,ltr,28.57,l,,
2015-11-04 09:44:19.197386,SAINSBURY,310403,"Vodka, bottle",http://www.sainsburys.co.uk/shop/gb/groceries/drinks/vodka,vodka,1.0,BELVEDERE PINK GRAPEFRUIT VODKA 70CL,£38.00/unit,38.0,£54.29 / 1 ltr,54.29,1,ltr,54.29,l,,
2015-11-04 09:44:19.203297,SAINSBURY,210111,"White Sliced Loaf, branded",http://www.sainsburys.co.uk/shop/gb/groceries/bakery/white-bread,sliced ,0.0,POPPY APPEAL £1.50 DONATION (STICK-ON POPPY),£1.50/unit,1.5,£1.50 / 1 g,1.5,1,g,1500.0,kg,,
2015-11-04 09:44:19.208690,SAINSBURY,210111,"White Sliced Loaf, branded",http://www.sainsburys.co.uk/shop/gb/groceries/bakery/white-bread,sliced ,1.0,"HOVIS GOOD INSIDE WHITE BREAD, MEDIUM SLICED 800G",£1.45/unit,1.45,£0.18 / 100g,0.18,100,g,1.8,kg,,
2015-11-04 09:44:19.234273,SAINSBURY,211709,"Shop Milk, whole milk",http://www.sainsburys.co.uk/shop/gb/groceries/dairy-eggs-chilled/fresh-milk,whole,0.0,"SAINSBURY'S BRITISH SEMI SKIMMED MILK, SO ORGANIC 568ML (1 PINT)",£0.60/unit,0.6,£1.06 / 1 ltr,1.06,1,ltr,1.06,l,,
2015-11-04 09:44:19.236851,SAINSBURY,211709,"Shop Milk, whole milk",http://www.sainsburys.co.uk/shop/gb/groceries/dairy-eggs-chilled/fresh-milk,whole,0.0,SAINSBURY'S BRITISH SKIMMED MILK 1.13L (2 PINT),£0.75/unit,0.75,£0.66 / 1 ltr,0.66,1,ltr,0.66,l,,
2015-11-04 09:44:19.239218,SAINSBURY,211709,"Shop Milk, whole milk",http://www.sainsburys.co.uk/shop/gb/groceries/dairy-eggs-chilled/fresh-milk,whole,0.0,SAINSBURY'S BRITISH SKIMMED MILK 2.27L (4 PINT),£1.00/unit,1.0,£0.44 / 1 ltr,0.44,1,ltr,0.44,l,,
2015-11-04 09:44:19.241477,SAINSBURY,211709,"Shop Milk, whole milk",http://www.sainsburys.co.uk/shop/gb/groceries/dairy-eggs-chilled/fresh-milk,whole,0.0,SAINSBURY'S BRITISH SKIMMED MILK 568ML (1 PINT),£0.45/unit,0.45,£0.79 / 1 ltr,0.79,1,ltr,0.79,l,,
2015-11-04 09:44:19.246380,SAINSBURY,211901,"Tea bags, per packet of 80, 250g",http://www.sainsburys.co.uk/shop/gb/groceries/drinks/everyday-tea,80 250g,0.0,PG TIPS TEA GRANULES 40G (80 CUPS),£2.70/unit,2.7,£6.75 / 100g,6.75,100,g,67.5,kg,,
2015-11-04 09:44:19.249703,SAINSBURY,211901,"Tea bags, per packet of 80, 250g",http://www.sainsburys.co.uk/shop/gb/groceries/drinks/everyday-tea,80 250g,0.0,SAINSBURY'S ASSAM LOOSE TEA TASTE THE DIFFERENCE 125G,£1.50/unit,1.5,£1.20 / 100g,1.2,100,g,12.0,kg,,
2015-11-04 09:44:19.252909,SAINSBURY,211901,"Tea bags, per packet of 80, 250g",http://www.sainsburys.co.uk/shop/gb/groceries/drinks/everyday-tea,80 250g,0.0,SAINSBURY'S ASSAM TEA BAGS TASTE THE DIFFERENCE X40,£1.50/unit,1.5,£1.20 / 100g,1.2,100,g,12.0,kg,,
2015-11-04 09:44:19.256931,SAINSBURY,310401,"Whisky, bottle",http://www.sainsburys.co.uk/shop/gb/groceries/drinks/all-whisky,whisky,1.0,BOWMORE ISLAY MALT WHISKY 70CL,£25.00/unit,25.0,£35.71 / 1 ltr,35.71,1,ltr,35.71,l,Only £25.00: Save £10.00,Only £25.00: Save £10.00
2015-11-04 09:44:19.260819,SAINSBURY,310401,"Whisky, bottle",http://www.sainsburys.co.uk/shop/gb/groceries/drinks/all-whisky,whisky,0.0,BULLEIT BOURBON FRONTIER WHISKEY 70CL,£27.00/unit,27.0,£38.57 / 1 ltr,38.57,1,ltr,38.57,l,,
2015-11-04 09:44:19.264487,SAINSBURY,310401,"Whisky, bottle",http://www.sainsburys.co.uk/shop/gb/groceries/drinks/all-whisky,whisky,0.0,BUSHMILLS 10 YEAR OLD IRISH MALT WHISKEY 70CL,£35.00/unit,35.0,£50.00 / 1 ltr,50.0,1,ltr,50.0,l,,
2015-11-04 09:44:19.269320,SAINSBURY,310403,"Vodka, bottle",http://www.sainsburys.co.uk/shop/gb/groceries/drinks/vodka,vodka,1.0,BELVEDERE VODKA 70CL,£38.00/unit,38.0,£54.29 / 1 ltr,54.29,1,ltr,54.29,l,,
2015-11-04 09:44:19.273594,SAINSBURY,310403,"Vodka, bottle",http://www.sainsburys.co.uk/shop/gb/groceries/drinks/vodka,vodka,1.0,FINLANDIA VODKA CLASSIC 70CL,£16.00/unit,16.0,£22.86 / 1 ltr,22.86,1,ltr,22.86,l,,
2015-11-04 09:44:19.277730,SAINSBURY,310403,"Vodka, bottle",http://www.sainsburys.co.uk/shop/gb/groceries/drinks/vodka,vodka,1.0,GLEN'S VODKA 1L,£17.00/unit,17.0,£17.00 / 1 ltr,17.0,1,ltr,17.0,l,,
2015-11-04 09:44:19.283533,SAINSBURY,210111,"White Sliced Loaf, branded",http://www.sainsburys.co.uk/shop/gb/groceries/bakery/white-bread,sliced ,1.0,"HOVIS GOOD INSIDE WHITE BREAD, THICK SLICED 800G",£1.45/unit,1.45,£0.18 / 100g,0.18,100,g,1.8,kg,,
2015-11-04 09:44:19.288648,SAINSBURY,210111,"White Sliced Loaf, branded",http://www.sainsburys.co.uk/shop/gb/groceries/bakery/white-bread,sliced ,0.0,"HOVIS SOFT WHITE BREAD, DOORSTEP 800G",£1.00/unit,1.0,£0.13 / 100g,0.13,100,g,1.3,kg,,
2015-11-04 09:44:19.296868,SAINSBURY,310419,"White Wine, European, bottle",http://www.sainsburys.co.uk/shop/gb/groceries/drinks/white-wine,white wine,0.0,35 SOUTH LATITUDE CHARDONNAY SEMILLON 75CL,£5.00/unit,5.0,£5.00 / 75cl,5.0,75,cl,6.6667,l,"Only £5.00: Save £1.50,PLUS Buy any 6 or more save 25%","Only £5.00: Save £1.50,PLUS Buy any 6 or more save 25%"
2015-11-04 09:44:19.302656,SAINSBURY,310419,"White Wine, European, bottle",http://www.sainsburys.co.uk/shop/gb/groceries/drinks/white-wine,white wine,0.0,ANGOVE LONG ROW SAUVIGNON BLANC 75CL,£8.00/unit,8.0,£8.00 / 75cl,8.0,75,cl,10.6667,l,"Buy any 2 for £12.00,PLUS Buy any 6 or more save 25%","Buy any 2 for £12.00,PLUS Buy any 6 or more save 25%"
2015-11-04 09:44:19.314477,SAINSBURY,211901,"Tea bags, per packet of 80, 250g",http://www.sainsburys.co.uk/shop/gb/groceries/drinks/everyday-tea,80 250g,0.0,SAINSBURY'S ASSAM TEA BAGS TASTE THE DIFFERENCE X80,£2.00/unit,2.0,£0.80 / 100g,0.8,100,g,8.0,kg,Only £2.00: Save 30p,Only £2.00: Save 30p
2015-11-04 09:44:19.317708,SAINSBURY,211901,"Tea bags, per packet of 80, 250g",http://www.sainsburys.co.uk/shop/gb/groceries/drinks/everyday-tea,80 250g,0.0,SAINSBURY'S ENGLISH BREAKFAST LOOSE TEA TASTE THE DIFFERENCE 125G,£1.50/unit,1.5,£1.20 / 100g,1.2,100,g,12.0,kg,,
2015-11-04 09:44:19.320648,SAINSBURY,211901,"Tea bags, per packet of 80, 250g",http://www.sainsburys.co.uk/shop/gb/groceries/drinks/everyday-tea,80 250g,0.0,SAINSBURY'S ENGLISH BREAKFAST TEA BAGS TASTE THE DIFFERENCE X40,£1.50/unit,1.5,£1.20 / 100g,1.2,100,g,12.0,kg,,
2015-11-04 09:44:19.323485,SAINSBURY,211901,"Tea bags, per packet of 80, 250g",http://www.sainsburys.co.uk/shop/gb/groceries/drinks/everyday-tea,80 250g,0.0,SAINSBURY'S ENGLISH BREAKFAST TEA BAGS TASTE THE DIFFERENCE X80,£2.00/unit,2.0,£0.80 / 100g,0.8,100,g,8.0,kg,Only £2.00: Save 30p,Only £2.00: Save 30p
2015-11-04 09:44:19.327218,SAINSBURY,310401,"Whisky, bottle",http://www.sainsburys.co.uk/shop/gb/groceries/drinks/all-whisky,whisky,1.0,CHIVAS REGAL 12 YEAR OLD SCOTCH WHISKY 35CL,£14.00/unit,14.0,£40.00 / 1 ltr,40.0,1,ltr,40.0,l,,
2015-11-04 09:44:19.330621,SAINSBURY,310401,"Whisky, bottle",http://www.sainsburys.co.uk/shop/gb/groceries/drinks/all-whisky,whisky,1.0,CHIVAS REGAL 12 YEAR OLD SCOTCH WHISKY 70CL,£20.00/unit,20.0,£28.57 / 1 ltr,28.57,1,ltr,28.57,l,Only £20.00: Save £5.00,Only £20.00: Save £5.00
2015-11-04 09:44:19.333943,SAINSBURY,310401,"Whisky, bottle",http://www.sainsburys.co.uk/shop/gb/groceries/drinks/all-whisky,whisky,1.0,FIREBALL LIQUEUR WITH CINNAMON & WHISKY 50CL,£10.00/unit,10.0,£20.00 / 1 ltr,20.0,1,ltr,20.0,l,Only £10.00: Save £2.00,Only £10.00: Save £2.00
2015-11-04 09:44:19.338508,SAINSBURY,310403,"Vodka, bottle",http://www.sainsburys.co.uk/shop/gb/groceries/drinks/vodka,vodka,1.0,GLEN'S VODKA 70CL,£14.00/unit,14.0,£20.00 / 1 ltr,20.0,1,ltr,20.0,l,,
2015-11-04 09:44:19.342463,SAINSBURY,310403,"Vodka, bottle",http://www.sainsburys.co.uk/shop/gb/groceries/drinks/vodka,vodka,1.0,GREEN MARK VODKA 1L,£15.00/unit,15.0,£15.00 / 1 ltr,15.0,1,ltr,15.0,l,Only £15.00: Save £5.00,Only £15.00: Save £5.00
2015-11-04 09:44:19.346327,SAINSBURY,310403,"Vodka, bottle",http://www.sainsburys.co.uk/shop/gb/groceries/drinks/vodka,vodka,1.0,GREEN MARK VODKA 70CL,£16.00/unit,16.0,£22.86 / 1 ltr,22.86,1,ltr,22.86,l,,
2015-11-04 09:44:19.351770,SAINSBURY,210111,"White Sliced Loaf, branded",http://www.sainsburys.co.uk/shop/gb/groceries/bakery/white-bread,sliced ,1.0,"HOVIS SOFT WHITE BREAD, MEDIUM SLICED 400G",£0.60/unit,0.6,£0.15 / 100g,0.15,100,g,1.5,kg,,
2015-11-04 09:44:19.356714,SAINSBURY,210111,"White Sliced Loaf, branded",http://www.sainsburys.co.uk/shop/gb/groceries/bakery/white-bread,sliced ,1.0,"HOVIS SOFT WHITE BREAD, MEDIUM SLICED 800G",£1.00/unit,1.0,£0.13 / 100g,0.13,100,g,1.3,kg,,
2015-11-04 09:44:19.362494,SAINSBURY,310419,"White Wine, European, bottle",http://www.sainsburys.co.uk/shop/gb/groceries/drinks/white-wine,white wine,0.0,ANTICO PALAZZO CHARDONNAY 75CL,£6.50/unit,6.5,£6.50 / 75cl,6.5,75,cl,8.6667,l,"Buy any 2 for £10.00,PLUS Buy any 6 or more save 25%","Buy any 2 for £10.00,PLUS Buy any 6 or more save 25%"
2015-11-04 09:44:19.368006,SAINSBURY,310419,"White Wine, European, bottle",http://www.sainsburys.co.uk/shop/gb/groceries/drinks/white-wine,white wine,0.0,ASCHERI GAVI DI GAVI 75CL,£14.00/unit,14.0,£14.00 / 75cl,14.0,75,cl,18.6667,l,Buy any 6 or more save 25%,Buy any 6 or more save 25%
2015-11-04 09:44:19.388388,SAINSBURY,211901,"Tea bags, per packet of 80, 250g",http://www.sainsburys.co.uk/shop/gb/groceries/drinks/everyday-tea,80 250g,0.0,SAINSBURY'S EVERYDAY TEA BAGS SO ORGANIC X80,£1.75/unit,1.75,£0.70 / 100g,0.7,100,g,7.0,kg,,
2015-11-04 09:44:19.391015,SAINSBURY,211901,"Tea bags, per packet of 80, 250g",http://www.sainsburys.co.uk/shop/gb/groceries/drinks/everyday-tea,80 250g,0.0,SAINSBURY'S EXTRA STRONG TEA TEABAGS X80,£1.50/unit,1.5,£0.60 / 100g,0.6,100,g,6.0,kg,,
2015-11-04 09:44:19.393474,SAINSBURY,211901,"Tea bags, per packet of 80, 250g",http://www.sainsburys.co.uk/shop/gb/groceries/drinks/everyday-tea,80 250g,0.0,SAINSBURY'S FAIRTRADE PACKET TEA SO ORGANIC 125G,£1.50/unit,1.5,£1.20 / 100g,1.2,100,g,12.0,kg,,
2015-11-04 09:44:19.395853,SAINSBURY,211901,"Tea bags, per packet of 80, 250g",http://www.sainsburys.co.uk/shop/gb/groceries/drinks/everyday-tea,80 250g,0.5,SAINSBURY'S GOLD LABEL LOOSE TEA FAIRTRADE 250G,£1.75/unit,1.75,£0.70 / 100g,0.7,100,g,7.0,kg,,
2015-11-04 09:44:19.399115,SAINSBURY,310401,"Whisky, bottle",http://www.sainsburys.co.uk/shop/gb/groceries/drinks/all-whisky,whisky,1.0,GLAYVA WHISKY LIQUEUR 50CL,£18.00/unit,18.0,£36.00 / 1 ltr,36.0,1,ltr,36.0,l,,
2015-11-04 09:44:19.402128,SAINSBURY,310401,"Whisky, bottle",http://www.sainsburys.co.uk/shop/gb/groceries/drinks/all-whisky,whisky,1.0,GLEN MORAY CHARDONNAY CASK MALT WHISKY 70CL,£26.00/unit,26.0,£37.14 / 1 ltr,37.14,1,ltr,37.14,l,,
2015-11-04 09:44:19.405027,SAINSBURY,310401,"Whisky, bottle",http://www.sainsburys.co.uk/shop/gb/groceries/drinks/all-whisky,whisky,1.0,GLEN MORAY MALT WHISKY 70CL,£22.00/unit,22.0,£31.43 / 1 ltr,31.43,1,ltr,31.43,l,,
2015-11-04 09:44:19.407802,SAINSBURY,310401,"Whisky, bottle",http://www.sainsburys.co.uk/shop/gb/groceries/drinks/all-whisky,whisky,1.0,GLEN MORAY PEATED SINGLE MALT WHISKY 70CL,£22.00/unit,22.0,£31.43 / 1 ltr,31.43,1,ltr,31.43,l,,
2015-11-04 09:44:19.411803,SAINSBURY,310403,"Vodka, bottle",http://www.sainsburys.co.uk/shop/gb/groceries/drinks/vodka,vodka,1.0,GREY GOOSE VODKA 70CL,£38.00/unit,38.0,£54.29 / 1 ltr,54.29,1,ltr,54.29,l,,
2015-11-04 09:44:19.415392,SAINSBURY,310403,"Vodka, bottle",http://www.sainsburys.co.uk/shop/gb/groceries/drinks/vodka,vodka,1.0,NEW AMSTERDAM VODKA 70CL,£16.00/unit,16.0,£22.86 / 1 ltr,22.86,1,ltr,22.86,l,,
2015-11-04 09:44:19.418898,SAINSBURY,310403,"Vodka, bottle",http://www.sainsburys.co.uk/shop/gb/groceries/drinks/vodka,vodka,0.0,ODDKA SALTED CARAMEL POPCORN 50CL,£9.50/unit,9.5,£19.00 / 1 ltr,19.0,1,ltr,19.0,l,,
2015-11-04 09:44:19.423930,SAINSBURY,210111,"White Sliced Loaf, branded",http://www.sainsburys.co.uk/shop/gb/groceries/bakery/white-bread,sliced ,1.0,"HOVIS SOFT WHITE BREAD, THICK SLICED 800G",£1.00/unit,1.0,£0.13 / 100g,0.13,100,g,1.3,kg,,
2015-11-04 09:44:19.428481,SAINSBURY,210111,"White Sliced Loaf, branded",http://www.sainsburys.co.uk/shop/gb/groceries/bakery/white-bread,sliced ,0.0,"KINGSMILL GREAT EVERYDAY WHITE BREAD, LITTLE BIG LOAF 470G",£0.75/unit,0.75,£0.16 / 100g,0.16,100,g,1.6,kg,,
2015-11-04 09:44:19.432871,SAINSBURY,210111,"White Sliced Loaf, branded",http://www.sainsburys.co.uk/shop/gb/groceries/bakery/white-bread,sliced ,0.0,KINGSMILL SOFT WHITE BREAD 400G,£0.75/unit,0.75,£0.19 / 100g,0.19,100,g,1.9,kg,,
2015-11-04 09:44:19.438215,SAINSBURY,310419,"White Wine, European, bottle",http://www.sainsburys.co.uk/shop/gb/groceries/drinks/white-wine,white wine,0.0,BANROCK STATION COLOMBARD CHARDONNAY 2.25L,£16.00/unit,16.0,£5.33 / 75cl,5.33,75,cl,7.1067,l,Buy any 6 or more save 25%,Buy any 6 or more save 25%
2015-11-04 09:44:19.443388,SAINSBURY,310419,"White Wine, European, bottle",http://www.sainsburys.co.uk/shop/gb/groceries/drinks/white-wine,white wine,0.0,BANROCK STATION COLOMBARD CHARDONNAY 75CL,£5.00/unit,5.0,£5.00 / 75cl,5.0,75,cl,6.6667,l,"Only £5.00: Save £1.50,PLUS Buy any 6 or more save 25%","Only £5.00: Save £1.50,PLUS Buy any 6 or more save 25%"
2015-11-04 09:44:19.450078,SAINSBURY,210113,"Wholemeal Sliced Loaf, branded",http://www.sainsburys.co.uk/shop/gb/groceries/bakery/wholemeal-brown-bread,wholemeal sliced,0.0,POPPY APPEAL 50P DONATION (STICK-ON POPPY),£0.50/unit,0.5,£0.50 / 1 ea,0.5,1,ea,0.5,each,,
2015-11-04 09:44:19.455503,SAINSBURY,210113,"Wholemeal Sliced Loaf, branded",http://www.sainsburys.co.uk/shop/gb/groceries/bakery/wholemeal-brown-bread,wholemeal sliced,0.0,POPPY APPEAL £1 DONATION (STICK-ON POPPY),£1.00/unit,1.0,£1.00 / 1 g,1.0,1,g,1000.0,kg,,
2015-11-04 09:44:19.463492,SAINSBURY,211901,"Tea bags, per packet of 80, 250g",http://www.sainsburys.co.uk/shop/gb/groceries/drinks/everyday-tea,80 250g,0.0,SAINSBURY'S GOLD LABEL TEA BAGS FAIRTRADE X160,£3.00/unit,3.0,£0.60 / 100g,0.6,100,g,6.0,kg,,
2015-11-04 09:44:19.472571,SAINSBURY,310401,"Whisky, bottle",http://www.sainsburys.co.uk/shop/gb/groceries/drinks/all-whisky,whisky,1.0,GLENFIDDICH 12 YEAR OLD MALT WHISKY 35CL,£19.00/unit,19.0,£54.29 / 1 ltr,54.29,1,ltr,54.29,l,,
2015-11-04 09:44:19.475213,SAINSBURY,310401,"Whisky, bottle",http://www.sainsburys.co.uk/shop/gb/groceries/drinks/all-whisky,whisky,1.0,GLENFIDDICH 12 YEAR OLD MALT WHISKY 70CL,£35.00/unit,35.0,£50.00 / 1 ltr,50.0,1,ltr,50.0,l,,
2015-11-04 09:44:19.477705,SAINSBURY,310401,"Whisky, bottle",http://www.sainsburys.co.uk/shop/gb/groceries/drinks/all-whisky,whisky,1.0,GLENFIDDICH 14 YEAR OLD RICH OAK MALT WHISKY  70CL,£35.00/unit,35.0,£50.00 / 1 ltr,50.0,1,ltr,50.0,l,,
2015-11-04 09:44:19.480093,SAINSBURY,310401,"Whisky, bottle",http://www.sainsburys.co.uk/shop/gb/groceries/drinks/all-whisky,whisky,1.0,GLENFIDDICH 15 YEAR OLD DISTILLERY EDITION MALT WHISKY 70CL,£40.00/unit,40.0,£57.15 / 1 ltr,57.15,1,ltr,57.15,l,Only £40.00: Save £5.00,Only £40.00: Save £5.00
2015-11-04 09:44:19.483791,SAINSBURY,310403,"Vodka, bottle",http://www.sainsburys.co.uk/shop/gb/groceries/drinks/vodka,vodka,0.0,ODDKA STRAWBERRY MILKSHAKE 50CL,£9.50/unit,9.5,£19.00 / 1 ltr,19.0,1,ltr,19.0,l,,
2015-11-04 09:44:19.487074,SAINSBURY,310403,"Vodka, bottle",http://www.sainsburys.co.uk/shop/gb/groceries/drinks/vodka,vodka,0.0,ODDKA TWISTED MELON 50CL,£9.50/unit,9.5,£19.00 / 1 ltr,19.0,1,ltr,19.0,l,,
2015-11-04 09:44:19.490190,SAINSBURY,310403,"Vodka, bottle",http://www.sainsburys.co.uk/shop/gb/groceries/drinks/vodka,vodka,1.0,PINKY VODKA WITH NATURAL FLAVOURS 70CL,£20.00/unit,20.0,£28.57 / 1 ltr,28.57,1,ltr,28.57,l,,
2015-11-04 09:44:19.494890,SAINSBURY,210111,"White Sliced Loaf, branded",http://www.sainsburys.co.uk/shop/gb/groceries/bakery/white-bread,sliced ,1.0,"KINGSMILL SOFT WHITE BREAD, MEDIUM SLICED 800G",£1.00/unit,1.0,£0.13 / 100g,0.13,100,g,1.3,kg,,
2015-11-04 09:44:19.499112,SAINSBURY,210111,"White Sliced Loaf, branded",http://www.sainsburys.co.uk/shop/gb/groceries/bakery/white-bread,sliced ,1.0,"KINGSMILL SOFT WHITE BREAD, THICK SLICED 800G",£1.00/unit,1.0,£0.13 / 100g,0.13,100,g,1.3,kg,,
2015-11-04 09:44:19.503160,SAINSBURY,210111,"White Sliced Loaf, branded",http://www.sainsburys.co.uk/shop/gb/groceries/bakery/white-bread,sliced ,0.0,"KINGSMILL WHITE BREAD, NO CRUSTS 400G",£1.20/unit,1.2,£0.30 / 100g,0.3,100,g,3.0,kg,,
2015-11-04 09:44:19.508354,SAINSBURY,310419,"White Wine, European, bottle",http://www.sainsburys.co.uk/shop/gb/groceries/drinks/white-wine,white wine,0.0,BANROCK STATION SAUVIGNON BLANC 75CL,£5.50/unit,5.5,£5.50 / 75cl,5.5,75,cl,7.3333,l,Buy any 6 or more save 25%,Buy any 6 or more save 25%
2015-11-04 09:44:19.513242,SAINSBURY,310419,"White Wine, European, bottle",http://www.sainsburys.co.uk/shop/gb/groceries/drinks/white-wine,white wine,0.0,BAREFOOT PINOT GRIGIO 75CL,£7.00/unit,7.0,£7.00 / 75cl,7.0,75,cl,9.3333,l,Buy any 6 or more save 25%,Buy any 6 or more save 25%
2015-11-04 09:44:19.519126,SAINSBURY,210113,"Wholemeal Sliced Loaf, branded",http://www.sainsburys.co.uk/shop/gb/groceries/bakery/wholemeal-brown-bread,wholemeal sliced,0.0,POPPY APPEAL £1.50 DONATION (STICK-ON POPPY),£1.50/unit,1.5,£1.50 / 1 g,1.5,1,g,1500.0,kg,,
2015-11-04 09:44:19.524397,SAINSBURY,210113,"Wholemeal Sliced Loaf, branded",http://www.sainsburys.co.uk/shop/gb/groceries/bakery/wholemeal-brown-bread,wholemeal sliced,1.0,"ALLINSON WHOLEMEAL BATCH BREAD, MEDIUM SLICED 800G",£1.50/unit,1.5,£0.19 / 100g,0.19,100,g,1.9,kg,,
2015-11-04 09:44:19.540832,SAINSBURY,310401,"Whisky, bottle",http://www.sainsburys.co.uk/shop/gb/groceries/drinks/all-whisky,whisky,1.0,GLENFIDDICH 15 YEAR OLD MALT WHISKY 70CL,£40.00/unit,40.0,£57.14 / 1 ltr,57.14,1,ltr,57.14,l,,
2015-11-04 09:44:19.550256,SAINSBURY,310403,"Vodka, bottle",http://www.sainsburys.co.uk/shop/gb/groceries/drinks/vodka,vodka,0.0,RUSSIAN STANDARD PLATINUM 70CL,£22.00/unit,22.0,£31.43 / 1 ltr,31.43,1,ltr,31.43,l,,
2015-11-04 09:44:19.553343,SAINSBURY,310403,"Vodka, bottle",http://www.sainsburys.co.uk/shop/gb/groceries/drinks/vodka,vodka,1.0,RUSSIAN STANDARD VODKA 1L,£20.00/unit,20.0,£20.00 / 1 ltr,20.0,1,ltr,20.0,l,,
2015-11-04 09:44:19.556196,SAINSBURY,310403,"Vodka, bottle",http://www.sainsburys.co.uk/shop/gb/groceries/drinks/vodka,vodka,1.0,RUSSIAN STANDARD VODKA 35CL,£9.00/unit,9.0,£25.71 / 1 ltr,25.71,1,ltr,25.71,l,,
2015-11-04 09:44:19.558845,SAINSBURY,310403,"Vodka, bottle",http://www.sainsburys.co.uk/shop/gb/groceries/drinks/vodka,vodka,1.0,RUSSIAN STANDARD VODKA 70CL,£10.00/unit,10.0,£14.29 / 1 ltr,14.29,1,ltr,14.29,l,Only £10.00: Save £6.00,Only £10.00: Save £6.00
2015-11-04 09:44:19.563346,SAINSBURY,210111,"White Sliced Loaf, branded",http://www.sainsburys.co.uk/shop/gb/groceries/bakery/white-bread,sliced ,0.0,KINGSMILL WHITE FARMHOUSE BREAD 800G,£1.25/unit,1.25,£0.16 / 100g,0.16,100,g,1.6,kg,Only £1.25: Save 10p,Only £1.25: Save 10p
2015-11-04 09:44:19.567319,SAINSBURY,210111,"White Sliced Loaf, branded",http://www.sainsburys.co.uk/shop/gb/groceries/bakery/white-bread,sliced ,1.0,"SAINSBURY'S FRESH FOR LONGER WHITE BREAD, MEDIUM SLICED 800G",£0.55/unit,0.55,£0.07 / 100g,0.07,100,g,0.7,kg,,
2015-11-04 09:44:19.571045,SAINSBURY,210111,"White Sliced Loaf, branded",http://www.sainsburys.co.uk/shop/gb/groceries/bakery/white-bread,sliced ,0.0,"SAINSBURY'S SOFT WHITE FARMHOUSE BREAD, TASTE THE DIFFERENCE 800G",£1.30/unit,1.3,£0.16 / 100g,0.16,100,g,1.6,kg,,
2015-11-04 09:44:19.576080,SAINSBURY,310419,"White Wine, European, bottle",http://www.sainsburys.co.uk/shop/gb/groceries/drinks/white-wine,white wine,0.5,BAREFOOT REFRESH CRISP WHITE 75CL,£5.25/unit,5.25,£5.25 / 75cl,5.25,75,cl,7.0,l,"Only £5.25: Save £1.75,PLUS Buy any 6 or more save 25%","Only £5.25: Save £1.75,PLUS Buy any 6 or more save 25%"
2015-11-04 09:44:19.580953,SAINSBURY,310419,"White Wine, European, bottle",http://www.sainsburys.co.uk/shop/gb/groceries/drinks/white-wine,white wine,0.0,BAREFOOT SAUVIGNON BLANC 75CL,£7.00/unit,7.0,£7.00 / 75cl,7.0,75,cl,9.3333,l,Buy any 6 or more save 25%,Buy any 6 or more save 25%
2015-11-04 09:44:19.585532,SAINSBURY,310419,"White Wine, European, bottle",http://www.sainsburys.co.uk/shop/gb/groceries/drinks/white-wine,white wine,0.0,"BARON HERZOG CHENIN BLANC, CALIFORNIAN, KOSHER 75CL",£10.00/unit,10.0,£10.00 / 75cl,10.0,75,cl,13.3333,l,Buy any 6 or more save 25%,Buy any 6 or more save 25%
2015-11-04 09:44:19.591551,SAINSBURY,210113,"Wholemeal Sliced Loaf, branded",http://www.sainsburys.co.uk/shop/gb/groceries/bakery/wholemeal-brown-bread,wholemeal sliced,0.5,ALLINSON WHOLEMEAL BREAD 400G,£0.80/unit,0.8,£0.20 / 100g,0.2,100,g,2.0,kg,,
2015-11-04 09:44:19.596645,SAINSBURY,210113,"Wholemeal Sliced Loaf, branded",http://www.sainsburys.co.uk/shop/gb/groceries/bakery/wholemeal-brown-bread,wholemeal sliced,0.0,HI-LO LOAF,£1.70/unit,1.7,£0.43 / 100g,0.43,100,g,4.3,kg,,
2015-11-04 09:44:19.622755,SAINSBURY,310403,"Vodka, bottle",http://www.sainsburys.co.uk/shop/gb/groceries/drinks/vodka,vodka,1.0,SAINSBURY'S VODKA 1.5L,£21.00/unit,21.0,£14.00 / 1 ltr,14.0,1,ltr,14.0,l,,
2015-11-04 09:44:19.625318,SAINSBURY,310403,"Vodka, bottle",http://www.sainsburys.co.uk/shop/gb/groceries/drinks/vodka,vodka,1.0,SAINSBURY'S VODKA 1L,£14.75/unit,14.75,£14.75 / 1 ltr,14.75,1,ltr,14.75,l,,
2015-11-04 09:44:19.627604,SAINSBURY,310403,"Vodka, bottle",http://www.sainsburys.co.uk/shop/gb/groceries/drinks/vodka,vodka,1.0,SAINSBURY'S VODKA 35CL,£6.00/unit,6.0,£17.14 / 1 ltr,17.14,1,ltr,17.14,l,,
2015-11-04 09:44:19.633955,SAINSBURY,210111,"White Sliced Loaf, branded",http://www.sainsburys.co.uk/shop/gb/groceries/bakery/white-bread,sliced ,0.0,SAINSBURY'S WHITE BLOOMER 400G,£0.75/unit,0.75,£0.19 / 100g,0.19,100,g,1.9,kg,,
2015-11-04 09:44:19.637415,SAINSBURY,210111,"White Sliced Loaf, branded",http://www.sainsburys.co.uk/shop/gb/groceries/bakery/white-bread,sliced ,0.0,SAINSBURY'S WHITE BLOOMER 800G,£1.00/unit,1.0,£0.13 / 100g,0.13,100,g,1.3,kg,,
2015-11-04 09:44:19.640767,SAINSBURY,210111,"White Sliced Loaf, branded",http://www.sainsburys.co.uk/shop/gb/groceries/bakery/white-bread,sliced ,1.0,"SAINSBURY'S WHITE BREAD, MEDIUM SLICED 800G",£0.55/unit,0.55,£0.07 / 100g,0.07,100,g,0.7,kg,,
2015-11-04 09:44:19.645292,SAINSBURY,310419,"White Wine, European, bottle",http://www.sainsburys.co.uk/shop/gb/groceries/drinks/white-wine,white wine,0.0,BARRAMUNDI CHARDONNAY 75CL,£6.00/unit,6.0,£6.00 / 75cl,6.0,75,cl,8.0,l,"Only £6.00: Save £2.00,PLUS Buy any 6 or more save 25%","Only £6.00: Save £2.00,PLUS Buy any 6 or more save 25%"
2015-11-04 09:44:19.649653,SAINSBURY,310419,"White Wine, European, bottle",http://www.sainsburys.co.uk/shop/gb/groceries/drinks/white-wine,white wine,0.0,BERGERAC GRANDE RESERVE SAUVIGNON BLANC SEMILLON 75CL,£7.00/unit,7.0,£7.00 / 75cl,7.0,75,cl,9.3333,l,Buy any 6 or more save 25%,Buy any 6 or more save 25%
2015-11-04 09:44:19.653861,SAINSBURY,310419,"White Wine, European, bottle",http://www.sainsburys.co.uk/shop/gb/groceries/drinks/white-wine,white wine,0.5,BLACK TOWER WHITE 75CL,£5.00/unit,5.0,£5.00 / 75cl,5.0,75,cl,6.6667,l,Buy any 6 or more save 25%,Buy any 6 or more save 25%
2015-11-04 09:44:19.659430,SAINSBURY,210113,"Wholemeal Sliced Loaf, branded",http://www.sainsburys.co.uk/shop/gb/groceries/bakery/wholemeal-brown-bread,wholemeal sliced,0.5,HOVIS FARMERS WHOLEMEAL BREAD 800G,£1.40/unit,1.4,£0.18 / 100g,0.18,100,g,1.8,kg,,
2015-11-04 09:44:19.664311,SAINSBURY,210113,"Wholemeal Sliced Loaf, branded",http://www.sainsburys.co.uk/shop/gb/groceries/bakery/wholemeal-brown-bread,wholemeal sliced,1.0,"HOVIS GOOD INSIDE WHOLEMEAL BREAD, MEDIUM SLICED 800G",£1.45/unit,1.45,£0.18 / 100g,0.18,100,g,1.8,kg,,
2015-11-04 09:44:19.671324,SAINSBURY,211814,"Yoghurt, small individual",http://www.sainsburys.co.uk/shop/gb/groceries/dairy-eggs-chilled/corners-everyday-yogurts,yogurt single,0.0,POPPY APPEAL 50P DONATION (STICK-ON POPPY),£0.50/unit,0.5,£0.50 / 1 ea,0.5,1,ea,0.5,each,,
2015-11-04 09:44:19.676775,SAINSBURY,211814,"Yoghurt, small individual",http://www.sainsburys.co.uk/shop/gb/groceries/dairy-eggs-chilled/corners-everyday-yogurts,yogurt single,0.0,POPPY APPEAL £1 DONATION (STICK-ON POPPY),£1.00/unit,1.0,£1.00 / 1 g,1.0,1,g,1000.0,kg,,
2015-11-04 09:44:19.706654,SAINSBURY,212719,"Bananas, per kg",http://www.sainsburys.co.uk/shop/gb/groceries/fresh-fruit-veg/bananas-grapes,bananas ,0.0,"SAINSBURY'S BLACK SABLE GRAPES, TASTE THE DIFFERENCE 400G",£2.50/unit,2.5,£6.25 / 1 ea,6.25,1,ea,6.25,each,,
2015-11-04 09:44:19.715342,SAINSBURY,210111,"White Sliced Loaf, branded",http://www.sainsburys.co.uk/shop/gb/groceries/bakery/white-bread,sliced ,0.0,SAINSBURY'S WHITE POPPY SEED BLOOMER 400G,£0.75/unit,0.75,£0.19 / 100g,0.19,100,g,1.9,kg,,
2015-11-04 09:44:19.718417,SAINSBURY,210111,"White Sliced Loaf, branded",http://www.sainsburys.co.uk/shop/gb/groceries/bakery/white-bread,sliced ,0.0,SAINSBURY'S WHITE POPPY SEED BLOOMER 800G,£1.00/unit,1.0,£0.13 / 100g,0.13,100,g,1.3,kg,,
2015-11-04 09:44:19.721359,SAINSBURY,210111,"White Sliced Loaf, branded",http://www.sainsburys.co.uk/shop/gb/groceries/bakery/white-bread,sliced ,0.0,SAINSBURY'S WHITE SESAME SEED BLOOMER 400G,£0.75/unit,0.75,£0.19 / 100g,0.19,100,g,1.9,kg,,
2015-11-04 09:44:19.724246,SAINSBURY,210111,"White Sliced Loaf, branded",http://www.sainsburys.co.uk/shop/gb/groceries/bakery/white-bread,sliced ,0.0,SAINSBURY'S WHITE SESAME SEED BLOOMER 800G,£1.00/unit,1.0,£0.13 / 100g,0.13,100,g,1.3,kg,,
2015-11-04 09:44:19.728473,SAINSBURY,310419,"White Wine, European, bottle",http://www.sainsburys.co.uk/shop/gb/groceries/drinks/white-wine,white wine,0.0,BLASON DE BOURGOGNE CHABLIS 75CL,£10.00/unit,10.0,£10.00 / 75cl,10.0,75,cl,13.3333,l,"Only £10.00: Save £3.00,PLUS Buy any 6 or more save 25%","Only £10.00: Save £3.00,PLUS Buy any 6 or more save 25%"
2015-11-04 09:44:19.732503,SAINSBURY,310419,"White Wine, European, bottle",http://www.sainsburys.co.uk/shop/gb/groceries/drinks/white-wine,white wine,0.0,BLASON DE BOURGOGNE MONTAGNY 75CL,£10.00/unit,10.0,£10.00 / 75cl,10.0,75,cl,13.3333,l,Buy any 6 or more save 25%,Buy any 6 or more save 25%
2015-11-04 09:44:19.736324,SAINSBURY,310419,"White Wine, European, bottle",http://www.sainsburys.co.uk/shop/gb/groceries/drinks/white-wine,white wine,0.0,BLASON DE BOURGOGNE ST VÉRAN 75CL,£9.00/unit,9.0,£9.00 / 75cl,9.0,75,cl,12.0,l,Buy any 6 or more save 25%,Buy any 6 or more save 25%
2015-11-04 09:44:19.741554,SAINSBURY,210113,"Wholemeal Sliced Loaf, branded",http://www.sainsburys.co.uk/shop/gb/groceries/bakery/wholemeal-brown-bread,wholemeal sliced,1.0,"HOVIS GOOD INSIDE WHOLEMEAL BREAD, THICK SLICED 800G",£1.45/unit,1.45,£0.18 / 100g,0.18,100,g,1.8,kg,,
2015-11-04 09:44:19.746123,SAINSBURY,210113,"Wholemeal Sliced Loaf, branded",http://www.sainsburys.co.uk/shop/gb/groceries/bakery/wholemeal-brown-bread,wholemeal sliced,0.5,HOVIS NIMBLE WHOLEMEAL BREAD 400G,£0.75/unit,0.75,£0.19 / 100g,0.19,100,g,1.9,kg,,
2015-11-04 09:44:19.750562,SAINSBURY,210113,"Wholemeal Sliced Loaf, branded",http://www.sainsburys.co.uk/shop/gb/groceries/bakery/wholemeal-brown-bread,wholemeal sliced,0.0,HOVIS SEED SENSATIONS SOFT GRANARY 800G,£1.45/unit,1.45,£0.18 / 100g,0.18,100,g,1.8,kg,,
2015-11-04 09:44:19.756558,SAINSBURY,211814,"Yoghurt, small individual",http://www.sainsburys.co.uk/shop/gb/groceries/dairy-eggs-chilled/corners-everyday-yogurts,yogurt single,0.0,POPPY APPEAL £1.50 DONATION (STICK-ON POPPY),£1.50/unit,1.5,£1.50 / 1 g,1.5,1,g,1500.0,kg,,
2015-11-04 09:44:19.761835,SAINSBURY,211814,"Yoghurt, small individual",http://www.sainsburys.co.uk/shop/gb/groceries/dairy-eggs-chilled/corners-everyday-yogurts,yogurt single,0.5,FAGE TOTAL 0% FAT GREEK YOGURT SPLITPOT WITH HONEY 170G,£1.00/unit,1.0,£0.59 / 100g,0.59,100,g,5.9,kg,,
2015-11-04 09:44:19.769447,SAINSBURY,211807,Yoghurt/Fromage Frais,http://www.sainsburys.co.uk/shop/gb/groceries/dairy-eggs-chilled/kids-yogurts,fromage frais ,0.0,ACTIMEL YOGURT DRINK KIDS STRAWBERRY & RASPBERRY 6X100G,£1.50/unit,1.5,£0.25 / 100g,0.25,100,g,2.5,kg,Only £1.50: Save 50p,Only £1.50: Save 50p
2015-11-04 09:44:19.774854,SAINSBURY,211807,Yoghurt/Fromage Frais,http://www.sainsburys.co.uk/shop/gb/groceries/dairy-eggs-chilled/kids-yogurts,fromage frais ,0.0,ACTIMEL YOGURT DRINK KIDS STRAWBERRY & VANILLA YOGURT 6X100G,£1.50/unit,1.5,£0.25 / 100g,0.25,100,g,2.5,kg,Only £1.50: Save 50p,Only £1.50: Save 50p
2015-11-04 09:44:19.779171,SAINSBURY,212719,"Bananas, per kg",http://www.sainsburys.co.uk/shop/gb/groceries/fresh-fruit-veg/bananas-grapes,bananas ,0.0,SAINSBURY'S BLACK SEEDLESS GRAPES 500G,£2.00/unit,2.0,£4.00 / 1 ea,4.0,1,ea,4.0,each,,
2015-11-04 09:44:19.783087,SAINSBURY,212719,"Bananas, per kg",http://www.sainsburys.co.uk/shop/gb/groceries/fresh-fruit-veg/bananas-grapes,bananas ,1.0,SAINSBURY'S FAIRTRADE BANANAS X5,£0.80/unit,0.8,£0.16 / 1 ea,0.16,1,ea,0.16,each,,
2015-11-04 09:44:19.786933,SAINSBURY,212719,"Bananas, per kg",http://www.sainsburys.co.uk/shop/gb/groceries/fresh-fruit-veg/bananas-grapes,bananas ,1.0,SAINSBURY'S FAIRTRADE BANANAS X8,£1.25/unit,1.25,£0.16 / 1 kg,0.16,1,kg,0.16,kg,,
2015-11-04 09:44:19.791246,SAINSBURY,210111,"White Sliced Loaf, branded",http://www.sainsburys.co.uk/shop/gb/groceries/bakery/white-bread,sliced ,1.0,"SAINSBURY'S WHITE SLICED BREAD, BASICS 800G",£0.40/unit,0.4,£0.05 / 100g,0.05,100,g,0.5,kg,,
2015-11-04 09:44:19.793838,SAINSBURY,210111,"White Sliced Loaf, branded",http://www.sainsburys.co.uk/shop/gb/groceries/bakery/white-bread,sliced ,1.0,"SAINSBURY'S WHITE SLICED BREAD, THICK SLICED 800G",£0.55/unit,0.55,£0.07 / 100g,0.07,100,g,0.7,kg,,
2015-11-04 09:44:19.796354,SAINSBURY,210111,"White Sliced Loaf, branded",http://www.sainsburys.co.uk/shop/gb/groceries/bakery/white-bread,sliced ,1.0,"SAINSBURY'S WHITE TOASTIE BREAD, EXTRA THICK SLICED 800G",£0.55/unit,0.55,£0.07 / 100g,0.07,100,g,0.7,kg,,
2015-11-04 09:44:19.798646,SAINSBURY,210111,"White Sliced Loaf, branded",http://www.sainsburys.co.uk/shop/gb/groceries/bakery/white-bread,sliced ,0.0,UDI'S GLUTEN FREE SOFT & DELICIOUS TIGER BLOOMER 400G,£2.50/unit,2.5,£0.63 / 100g,0.63,100,g,6.3,kg,,
2015-11-04 09:44:19.802435,SAINSBURY,310419,"White Wine, European, bottle",http://www.sainsburys.co.uk/shop/gb/groceries/drinks/white-wine,white wine,0.5,BLOSSOM HILL VIE WHITE 75CL,£4.00/unit,4.0,£4.00 / 75cl,4.0,75,cl,5.3333,l,"Only £4.00: Save £1.00,PLUS Buy any 6 or more save 25%","Only £4.00: Save £1.00,PLUS Buy any 6 or more save 25%"
2015-11-04 09:44:19.806125,SAINSBURY,310419,"White Wine, European, bottle",http://www.sainsburys.co.uk/shop/gb/groceries/drinks/white-wine,white wine,0.5,BLOSSOM HILL WHITE 75CL,£5.00/unit,5.0,£5.00 / 75cl,5.0,75,cl,6.6667,l,Buy any 6 or more save 25%,Buy any 6 or more save 25%
2015-11-04 09:44:19.809596,SAINSBURY,310419,"White Wine, European, bottle",http://www.sainsburys.co.uk/shop/gb/groceries/drinks/white-wine,white wine,0.5,BLUE NUN MEDIUM WHITE 75CL,£5.50/unit,5.5,£5.50 / 75cl,5.5,75,cl,7.3333,l,Buy any 6 or more save 25%,Buy any 6 or more save 25%
2015-11-04 09:44:19.814405,SAINSBURY,210113,"Wholemeal Sliced Loaf, branded",http://www.sainsburys.co.uk/shop/gb/groceries/bakery/wholemeal-brown-bread,wholemeal sliced,0.0,HOVIS SOFT GRANARY BATCH BREAD 400G,£0.85/unit,0.85,£0.21 / 100g,0.21,100,g,2.1,kg,,
2015-11-04 09:44:19.818600,SAINSBURY,210113,"Wholemeal Sliced Loaf, branded",http://www.sainsburys.co.uk/shop/gb/groceries/bakery/wholemeal-brown-bread,wholemeal sliced,0.0,HOVIS WHEATGERM BREAD 400G,£0.75/unit,0.75,£0.19 / 100g,0.19,100,g,1.9,kg,,
2015-11-04 09:44:19.823477,SAINSBURY,210113,"Wholemeal Sliced Loaf, branded",http://www.sainsburys.co.uk/shop/gb/groceries/bakery/wholemeal-brown-bread,wholemeal sliced,0.5,HOVIS WHOLEMEAL BREAD 400G,£0.60/unit,0.6,£0.15 / 100g,0.15,100,g,1.5,kg,,
2015-11-04 09:44:19.829182,SAINSBURY,211814,"Yoghurt, small individual",http://www.sainsburys.co.uk/shop/gb/groceries/dairy-eggs-chilled/corners-everyday-yogurts,yogurt single,0.5,IRISH YOGURT CREAMIER LIVE YOGURT 4X125G,£1.50/unit,1.5,£0.30 / 100g,0.3,100,g,3.0,kg,,
2015-11-04 09:44:19.834261,SAINSBURY,211814,"Yoghurt, small individual",http://www.sainsburys.co.uk/shop/gb/groceries/dairy-eggs-chilled/corners-everyday-yogurts,yogurt single,0.5,MÜLLER BLISS LEMON YOGURT 4X110G,£2.50/unit,2.5,£0.57 / 100g,0.57,100,g,5.7,kg,,
2015-11-04 09:44:19.839824,SAINSBURY,211807,Yoghurt/Fromage Frais,http://www.sainsburys.co.uk/shop/gb/groceries/dairy-eggs-chilled/kids-yogurts,fromage frais ,0.0,ACTIMEL YOGURT DRINK KIDS STRAWBERRY 6X100G,£1.50/unit,1.5,£0.25 / 100g,0.25,100,g,2.5,kg,Only £1.50: Save 50p,Only £1.50: Save 50p
2015-11-04 09:44:19.844978,SAINSBURY,211807,Yoghurt/Fromage Frais,http://www.sainsburys.co.uk/shop/gb/groceries/dairy-eggs-chilled/kids-yogurts,fromage frais ,0.0,COLLECTIVE SUCKIES PEACH & APRICOT 100G,£0.80/unit,0.8,£0.80 / 100g,0.8,100,g,8.0,kg,,
2015-11-04 09:44:19.848679,SAINSBURY,212719,"Bananas, per kg",http://www.sainsburys.co.uk/shop/gb/groceries/fresh-fruit-veg/bananas-grapes,bananas ,0.0,"SAINSBURY'S FAIRTRADE BANANAS, SO ORGANIC",£1.20/kg,1.2,£1.20 / 1 kg,1.2,1,kg,1.2,kg,,
2015-11-04 09:44:19.852163,SAINSBURY,212719,"Bananas, per kg",http://www.sainsburys.co.uk/shop/gb/groceries/fresh-fruit-veg/bananas-grapes,bananas ,0.0,SAINSBURY'S GRAPE BAG 80G,£0.50/unit,0.5,£6.25 / 1 kg,6.25,1,kg,6.25,kg,Meal Deal for £3.00,Meal Deal for £3.00
2015-11-04 09:44:19.855610,SAINSBURY,212719,"Bananas, per kg",http://www.sainsburys.co.uk/shop/gb/groceries/fresh-fruit-veg/bananas-grapes,bananas ,0.0,"SAINSBURY'S GRAPES, BASICS 500G (GREEN OR RED, COLOUR MAY VARY DUE TO SUPPLY)",£1.25/unit,1.25,£2.50 / 1 kg,2.5,1,kg,2.5,kg,,
2015-11-04 09:44:19.882451,SAINSBURY,310419,"White Wine, European, bottle",http://www.sainsburys.co.uk/shop/gb/groceries/drinks/white-wine,white wine,0.0,BOSCHENDAL JEAN GARDE CHARDONNAY 75CL,£8.00/unit,8.0,£8.00 / 75cl,8.0,75,cl,10.6667,l,Buy any 6 or more save 25%,Buy any 6 or more save 25%
2015-11-04 09:44:19.885779,SAINSBURY,310419,"White Wine, European, bottle",http://www.sainsburys.co.uk/shop/gb/groceries/drinks/white-wine,white wine,0.0,BRANCOTT ESTATE PINOT GRIGIO 75CL,£9.00/unit,9.0,£9.00 / 75cl,9.0,75,cl,12.0,l,Buy any 6 or more save 25%,Buy any 6 or more save 25%
2015-11-04 09:44:19.888846,SAINSBURY,310419,"White Wine, European, bottle",http://www.sainsburys.co.uk/shop/gb/groceries/drinks/white-wine,white wine,0.0,BRANCOTT ESTATE SAUVIGNON BLANC 18.7CL,£2.50/unit,2.5,£10.03 / 75cl,10.03,75,cl,13.3733,l,Buy any 6 or more save 25%,Buy any 6 or more save 25%
2015-11-04 09:44:19.893241,SAINSBURY,210113,"Wholemeal Sliced Loaf, branded",http://www.sainsburys.co.uk/shop/gb/groceries/bakery/wholemeal-brown-bread,wholemeal sliced,1.0,"HOVIS WHOLEMEAL BREAD, MEDIUM SLICED 800G",£1.00/unit,1.0,£0.13 / 100g,0.13,100,g,1.3,kg,,
2015-11-04 09:44:19.897116,SAINSBURY,210113,"Wholemeal Sliced Loaf, branded",http://www.sainsburys.co.uk/shop/gb/groceries/bakery/wholemeal-brown-bread,wholemeal sliced,1.0,"HOVIS WHOLEMEAL BREAD, THICK SLICED 800G",£1.00/unit,1.0,£0.13 / 100g,0.13,100,g,1.3,kg,,
2015-11-04 09:44:19.900804,SAINSBURY,210113,"Wholemeal Sliced Loaf, branded",http://www.sainsburys.co.uk/shop/gb/groceries/bakery/wholemeal-brown-bread,wholemeal sliced,1.0,"KINGSMILL GREAT EVERYDAY WHOLEMEAL BREAD, MEDIUM SLICED 800G",£1.00/unit,1.0,£0.13 / 100g,0.13,100,g,1.3,kg,,
2015-11-04 09:44:19.906197,SAINSBURY,211814,"Yoghurt, small individual",http://www.sainsburys.co.uk/shop/gb/groceries/dairy-eggs-chilled/corners-everyday-yogurts,yogurt single,0.5,MÜLLER BLISS RASPBERRY YOGURT 4X110G,£2.50/unit,2.5,£0.57 / 100g,0.57,100,g,5.7,kg,,
2015-11-04 09:44:19.910995,SAINSBURY,211814,"Yoghurt, small individual",http://www.sainsburys.co.uk/shop/gb/groceries/dairy-eggs-chilled/corners-everyday-yogurts,yogurt single,0.5,MÜLLER BLISS STRAWBERRY YOGURT 4X110G,£2.50/unit,2.5,£0.57 / 100g,0.57,100,g,5.7,kg,,
2015-11-04 09:44:19.916364,SAINSBURY,211807,Yoghurt/Fromage Frais,http://www.sainsburys.co.uk/shop/gb/groceries/dairy-eggs-chilled/kids-yogurts,fromage frais ,0.0,COLLECTIVE SUCKIES STRAWBERRY 100G,£0.80/unit,0.8,£0.80 / 100g,0.8,100,g,8.0,kg,,
2015-11-04 09:44:19.921181,SAINSBURY,211807,Yoghurt/Fromage Frais,http://www.sainsburys.co.uk/shop/gb/groceries/dairy-eggs-chilled/kids-yogurts,fromage frais ,1.0,DISNEY FROZEN FROMAGE FRAIS 9X40G,£1.50/unit,1.5,£0.42 / 100g,0.42,100,g,4.2,kg,,
2015-11-04 09:44:19.924531,SAINSBURY,212719,"Bananas, per kg",http://www.sainsburys.co.uk/shop/gb/groceries/fresh-fruit-veg/bananas-grapes,bananas ,0.0,"SAINSBURY'S GRAPES, SO ORGANIC 400G (RED OR BLACK, COLOUR MAY VARY DUE TO SUPPLY)",£2.50/unit,2.5,£6.25 / 1 ml,6.25,1,ml,6250.0,l,,
2015-11-04 09:44:19.927663,SAINSBURY,212719,"Bananas, per kg",http://www.sainsburys.co.uk/shop/gb/groceries/fresh-fruit-veg/bananas-grapes,bananas ,1.0,SAINSBURY'S LOOSE FAIRTRADE BANANAS,£0.68/kg,0.68,£0.68 / 1 kg,0.68,1,kg,0.68,kg,,
2015-11-04 09:44:19.930606,SAINSBURY,212719,"Bananas, per kg",http://www.sainsburys.co.uk/shop/gb/groceries/fresh-fruit-veg/bananas-grapes,bananas ,0.0,SAINSBURY'S RED & WHITE SEEDLESS GRAPES 500G,£2.00/unit,2.0,£4.00 / 1 kg,4.0,1,kg,4.0,kg,,
2015-11-04 09:44:19.933466,SAINSBURY,212719,"Bananas, per kg",http://www.sainsburys.co.uk/shop/gb/groceries/fresh-fruit-veg/bananas-grapes,bananas ,0.0,SAINSBURY'S RED GRAPES 170G,£1.00/unit,1.0,£5.88 / 1 kg,5.88,1,kg,5.88,kg,,
2015-11-04 09:44:19.939344,SAINSBURY,310419,"White Wine, European, bottle",http://www.sainsburys.co.uk/shop/gb/groceries/drinks/white-wine,white wine,0.0,BRANCOTT ESTATE SAUVIGNON BLANC 75CL,£9.00/unit,9.0,£9.00 / 75cl,9.0,75,cl,12.0,l,Buy any 6 or more save 25%,Buy any 6 or more save 25%
2015-11-04 09:44:19.942327,SAINSBURY,310419,"White Wine, European, bottle",http://www.sainsburys.co.uk/shop/gb/groceries/drinks/white-wine,white wine,0.0,BRANCOTT ESTATE SAUVIGNON GRIS 75CL,£6.75/unit,6.75,£6.75 / 75cl,6.75,75,cl,9.0,l,"Only £6.75: Save £2.25,PLUS Buy any 6 or more save 25%","Only £6.75: Save £2.25,PLUS Buy any 6 or more save 25%"
2015-11-04 09:44:19.945281,SAINSBURY,310419,"White Wine, European, bottle",http://www.sainsburys.co.uk/shop/gb/groceries/drinks/white-wine,white wine,0.0,CALVET ALSACE PINOT BLANC 75CL,£8.00/unit,8.0,£8.00 / 75cl,8.0,75,cl,10.6667,l,Buy any 6 or more save 25%,Buy any 6 or more save 25%
2015-11-04 09:44:19.947901,SAINSBURY,310419,"White Wine, European, bottle",http://www.sainsburys.co.uk/shop/gb/groceries/drinks/white-wine,white wine,0.0,CAPE NELSON SEMILLON CHARDONNAY 75CL,£6.00/unit,6.0,£6.00 / 75cl,6.0,75,cl,8.0,l,Buy any 6 or more save 25%,Buy any 6 or more save 25%
2015-11-04 09:44:19.951777,SAINSBURY,210113,"Wholemeal Sliced Loaf, branded",http://www.sainsburys.co.uk/shop/gb/groceries/bakery/wholemeal-brown-bread,wholemeal sliced,0.5,KINGSMILL TASTY WHOLEMEAL BREAD 400G,£0.75/unit,0.75,£0.19 / 100g,0.19,100,g,1.9,kg,,
2015-11-04 09:44:19.955313,SAINSBURY,210113,"Wholemeal Sliced Loaf, branded",http://www.sainsburys.co.uk/shop/gb/groceries/bakery/wholemeal-brown-bread,wholemeal sliced,0.5,"KINGSMILL TASTY WHOLEMEAL BREAD, LITTLE BIG LOAF 470G",£0.75/unit,0.75,£0.16 / 100g,0.16,100,g,1.6,kg,,
2015-11-04 09:44:19.958727,SAINSBURY,210113,"Wholemeal Sliced Loaf, branded",http://www.sainsburys.co.uk/shop/gb/groceries/bakery/wholemeal-brown-bread,wholemeal sliced,1.0,"KINGSMILL TASTY WHOLEMEAL BREAD, THICK SLICED 800G",£1.00/unit,1.0,£0.13 / 100g,0.13,100,g,1.3,kg,,
2015-11-04 09:44:19.964060,SAINSBURY,211814,"Yoghurt, small individual",http://www.sainsburys.co.uk/shop/gb/groceries/dairy-eggs-chilled/corners-everyday-yogurts,yogurt single,0.5,MÜLLER CORNER LTD EDITION YOGURT 6X135G,£2.00/unit,2.0,£0.25 / 100g,0.25,100,g,2.5,kg,Only £2.00: Save £1.00,Only £2.00: Save £1.00
2015-11-04 09:44:19.968845,SAINSBURY,211814,"Yoghurt, small individual",http://www.sainsburys.co.uk/shop/gb/groceries/dairy-eggs-chilled/corners-everyday-yogurts,yogurt single,0.0,MÜLLER CORNER RED FRUITS 6X150G,£2.00/unit,2.0,£0.22 / 100g,0.22,100,g,2.2,kg,Only £2.00: Save £1.00,Only £2.00: Save £1.00
2015-11-04 09:44:19.974163,SAINSBURY,211807,Yoghurt/Fromage Frais,http://www.sainsburys.co.uk/shop/gb/groceries/dairy-eggs-chilled/kids-yogurts,fromage frais ,0.0,"DISNEY FROZEN YOGURT SHAKE DRINK, STRAWBERRY 250G",£1.50/unit,1.5,£0.60 / 100ea,0.6,100,ea,0.006,each,,
2015-11-04 09:44:19.978852,SAINSBURY,211807,Yoghurt/Fromage Frais,http://www.sainsburys.co.uk/shop/gb/groceries/dairy-eggs-chilled/kids-yogurts,fromage frais ,0.0,"DISNEY FROZEN YOGURTS, STRAWBERRY & MIXED BERRIES 4X125G",£1.50/unit,1.5,£0.30 / 100g,0.3,100,g,3.0,kg,,
2015-11-04 09:44:19.983307,SAINSBURY,211807,Yoghurt/Fromage Frais,http://www.sainsburys.co.uk/shop/gb/groceries/dairy-eggs-chilled/kids-yogurts,fromage frais ,0.0,"DISNEY STAR WARS YOGURT SHAKE DRINK, STRAWBERRY 250G",£1.50/unit,1.5,£0.60 / 100g,0.6,100,g,6.0,kg,,
2015-11-04 09:44:19.986231,SAINSBURY,212719,"Bananas, per kg",http://www.sainsburys.co.uk/shop/gb/groceries/fresh-fruit-veg/bananas-grapes,bananas ,0.0,SAINSBURY'S RED SEEDLESS GRAPES (APPROX. 600G),£4.00/kg,4.0,£4.00 / 1 kg,4.0,1,kg,4.0,kg,,
2015-11-04 09:44:19.988989,SAINSBURY,212719,"Bananas, per kg",http://www.sainsburys.co.uk/shop/gb/groceries/fresh-fruit-veg/bananas-grapes,bananas ,0.0,SAINSBURY'S RED SEEDLESS GRAPES 500G,£2.00/unit,2.0,£4.00 / 1 ea,4.0,1,ea,4.0,each,,
2015-11-04 09:44:19.991511,SAINSBURY,212719,"Bananas, per kg",http://www.sainsburys.co.uk/shop/gb/groceries/fresh-fruit-veg/bananas-grapes,bananas ,0.0,SAINSBURY'S SEEDED GRAPES 500G,£1.20/unit,1.2,£2.40 / 1 kg,2.4,1,kg,2.4,kg,,
2015-11-04 09:44:19.993879,SAINSBURY,212719,"Bananas, per kg",http://www.sainsburys.co.uk/shop/gb/groceries/fresh-fruit-veg/bananas-grapes,bananas ,0.0,"SAINSBURY'S SMALL BANANAS, FAIRTRADE X8",£1.05/unit,1.05,£0.13 / 1 kg,0.13,1,kg,0.13,kg,,
2015-11-04 09:44:20.034937,SAINSBURY,310419,"White Wine, European, bottle",http://www.sainsburys.co.uk/shop/gb/groceries/drinks/white-wine,white wine,0.0,CASILLERO DEL DIABLO CHARDONNAY 75CL,£6.00/unit,6.0,£6.00 / 75cl,6.0,75,cl,8.0,l,"Only £6.00: Save £2.00,PLUS Buy any 6 or more save 25%","Only £6.00: Save £2.00,PLUS Buy any 6 or more save 25%"
2015-11-04 09:44:20.045293,SAINSBURY,210113,"Wholemeal Sliced Loaf, branded",http://www.sainsburys.co.uk/shop/gb/groceries/bakery/wholemeal-brown-bread,wholemeal sliced,1.0,"SAINSBURY'S FRESH FOR LONGER WHOLEMEAL BREAD, MEDIUM SLICED 800G",£0.55/unit,0.55,£0.07 / 100g,0.07,100,g,0.7,kg,,
2015-11-04 09:44:20.048466,SAINSBURY,210113,"Wholemeal Sliced Loaf, branded",http://www.sainsburys.co.uk/shop/gb/groceries/bakery/wholemeal-brown-bread,wholemeal sliced,0.5,"SAINSBURY'S MEDIUM WHOLEMEAL BREAD, BASICS 800G",£0.40/unit,0.4,£0.05 / 100g,0.05,100,g,0.5,kg,,
2015-11-04 09:44:20.051420,SAINSBURY,210113,"Wholemeal Sliced Loaf, branded",http://www.sainsburys.co.uk/shop/gb/groceries/bakery/wholemeal-brown-bread,wholemeal sliced,0.5,"SAINSBURY'S MULTISEEDED WHOLEMEAL BREAD, SO ORGANIC 400G",£1.00/unit,1.0,£0.25 / 100g,0.25,100,g,2.5,kg,,
2015-11-04 09:44:20.054242,SAINSBURY,210113,"Wholemeal Sliced Loaf, branded",http://www.sainsburys.co.uk/shop/gb/groceries/bakery/wholemeal-brown-bread,wholemeal sliced,0.5,"SAINSBURY'S SOFT WHOLEMEAL FARMHOUSE BREAD, TASTE THE DIFFERENCE 800G",£1.30/unit,1.3,£0.16 / 100g,0.16,100,g,1.6,kg,,
2015-11-04 09:44:20.059149,SAINSBURY,211814,"Yoghurt, small individual",http://www.sainsburys.co.uk/shop/gb/groceries/dairy-eggs-chilled/corners-everyday-yogurts,yogurt single,0.5,"MÜLLER CORNER SICILIAN LEMON, LTD EDITION YOGURT 150G",£0.70/unit,0.7,£0.52 / 100g,0.52,100,g,5.2,kg,Buy any 6 for £3.00,Buy any 6 for £3.00
2015-11-04 09:44:20.063640,SAINSBURY,211814,"Yoghurt, small individual",http://www.sainsburys.co.uk/shop/gb/groceries/dairy-eggs-chilled/corners-everyday-yogurts,yogurt single,0.5,MÜLLER CRUNCH CORNER BANANA CHOCOLATE FLAKES YOGURT 135G,£0.70/unit,0.7,£0.52 / 100g,0.52,100,g,5.2,kg,Buy any 6 for £3.00,Buy any 6 for £3.00
2015-11-04 09:44:20.067988,SAINSBURY,211814,"Yoghurt, small individual",http://www.sainsburys.co.uk/shop/gb/groceries/dairy-eggs-chilled/corners-everyday-yogurts,yogurt single,0.5,MÜLLER CRUNCH CORNER BISCUIT YOGURT 6X135G,£2.00/unit,2.0,£0.25 / 100g,0.25,100,g,2.5,kg,Only £2.00: Save £1.00,Only £2.00: Save £1.00
2015-11-04 09:44:20.072833,SAINSBURY,211807,Yoghurt/Fromage Frais,http://www.sainsburys.co.uk/shop/gb/groceries/dairy-eggs-chilled/kids-yogurts,fromage frais ,0.0,"DISNEY STAR WARS YOGURTS, STRAWBERRY & MIXED BERRIES 4X125G",£1.50/unit,1.5,£0.30 / 100g,0.3,100,g,3.0,kg,,
2015-11-04 09:44:20.077070,SAINSBURY,211807,Yoghurt/Fromage Frais,http://www.sainsburys.co.uk/shop/gb/groceries/dairy-eggs-chilled/kids-yogurts,fromage frais ,0.0,FRUBES STRAWBERRY & RASPBERRY POUCH 6X70G,£2.00/unit,2.0,£0.48 / 100g,0.48,100,g,4.8,kg,,
2015-11-04 09:44:20.081125,SAINSBURY,211807,Yoghurt/Fromage Frais,http://www.sainsburys.co.uk/shop/gb/groceries/dairy-eggs-chilled/kids-yogurts,fromage frais ,1.0,MUNCH BUNCH DOUBLE UP FROMAGE FRAIS STRAWBERRY & BANANA 4X85G,£1.00/unit,1.0,£0.29 / 100g,0.29,100,g,2.9,kg,Only £1.00: Save 50p,Only £1.00: Save 50p
2015-11-04 09:44:20.083612,SAINSBURY,212719,"Bananas, per kg",http://www.sainsburys.co.uk/shop/gb/groceries/fresh-fruit-veg/bananas-grapes,bananas ,0.0,SAINSBURY'S WHITE SEEDLESS GRAPES (APPROX. 600G),£4.00/kg,4.0,£4.00 / 1 kg,4.0,1,kg,4.0,kg,,
2015-11-04 09:44:20.085769,SAINSBURY,212719,"Bananas, per kg",http://www.sainsburys.co.uk/shop/gb/groceries/fresh-fruit-veg/bananas-grapes,bananas ,0.0,SAINSBURY'S WHITE SEEDLESS GRAPES 170G,£1.00/unit,1.0,£5.88 / 1 ea,5.88,1,ea,5.88,each,,
2015-11-04 09:44:20.100121,SAINSBURY,212717,"Apples, dessert, per kg",http://www.sainsburys.co.uk/shop/gb/groceries/fresh-fruit-veg/apples-pears-rhubarb,apples ,0.0,"SAINSBURY'S APPLES, TASTE THE DIFFERENCE X5",£2.25/unit,2.25,£2.25 / 1 ea,2.25,1,ea,2.25,each,,
2015-11-04 09:44:20.105875,SAINSBURY,212717,"Apples, dessert, per kg",http://www.sainsburys.co.uk/shop/gb/groceries/fresh-fruit-veg/apples-pears-rhubarb,apples ,1.0,SAINSBURY'S BEST OF BRITISH APPLES X4 (MINIMUM),£1.50/unit,1.5,£1.50 / 1 ea,1.5,1,ea,1.5,each,,
2015-11-04 09:44:20.112949,SAINSBURY,212017,Fizzy bottled drink,http://www.sainsburys.co.uk/shop/gb/groceries/drinks/fruit-flavoured,bottle,0.0,7UP 2L,£1.85/unit,1.85,£0.09 / 100ml,0.09,100,ml,0.9,l,Buy any 2 for £3.00,Buy any 2 for £3.00
2015-11-04 09:44:20.118329,SAINSBURY,212017,Fizzy bottled drink,http://www.sainsburys.co.uk/shop/gb/groceries/drinks/fruit-flavoured,bottle,0.0,7UP 6X330ML,£2.00/unit,2.0,£0.10 / 100ml,0.1,100,ml,1.0,l,Only £2.00: Save £1.20,Only £2.00: Save £1.20
2015-11-04 09:44:20.128155,SAINSBURY,210113,"Wholemeal Sliced Loaf, branded",http://www.sainsburys.co.uk/shop/gb/groceries/bakery/wholemeal-brown-bread,wholemeal sliced,0.5,"SAINSBURY'S WHOLEMEAL BLOOMER, TASTE THE DIFFERENCE 400G",£1.15/unit,1.15,£0.29 / 100g,0.29,100,g,2.9,kg,,
2015-11-04 09:44:20.130771,SAINSBURY,210113,"Wholemeal Sliced Loaf, branded",http://www.sainsburys.co.uk/shop/gb/groceries/bakery/wholemeal-brown-bread,wholemeal sliced,1.0,"SAINSBURY'S WHOLEMEAL BREAD, MEDIUM SLICED 800G",£0.55/unit,0.55,£0.07 / 100g,0.07,100,g,0.7,kg,,
2015-11-04 09:44:20.133374,SAINSBURY,210113,"Wholemeal Sliced Loaf, branded",http://www.sainsburys.co.uk/shop/gb/groceries/bakery/wholemeal-brown-bread,wholemeal sliced,0.5,"SAINSBURY'S WHOLEMEAL BREAD, SO ORGANIC 400G",£0.85/unit,0.85,£0.21 / 100g,0.21,100,g,2.1,kg,,
2015-11-04 09:44:20.135699,SAINSBURY,210113,"Wholemeal Sliced Loaf, branded",http://www.sainsburys.co.uk/shop/gb/groceries/bakery/wholemeal-brown-bread,wholemeal sliced,0.5,"SAINSBURY'S WHOLEMEAL BREAD, SO ORGANIC 800G",£1.20/unit,1.2,£0.15 / 100g,0.15,100,g,1.5,kg,,
2015-11-04 09:44:20.140188,SAINSBURY,211814,"Yoghurt, small individual",http://www.sainsburys.co.uk/shop/gb/groceries/dairy-eggs-chilled/corners-everyday-yogurts,yogurt single,0.5,MÜLLER CRUNCH CORNER MILK CHOCOLATE DIGESTIVE YOGURT 135G,£0.70/unit,0.7,£70.00 / 100g,70.0,100,g,700.0,kg,Buy any 6 for £3.00,Buy any 6 for £3.00
2015-11-04 09:44:20.144318,SAINSBURY,211814,"Yoghurt, small individual",http://www.sainsburys.co.uk/shop/gb/groceries/dairy-eggs-chilled/corners-everyday-yogurts,yogurt single,0.0,"MÜLLER CRUNCH CORNER RASPBERRY CHEESECAKE, LTD EDITION 150G",£0.70/unit,0.7,£0.52 / 100g,0.52,100,g,5.2,kg,Buy any 6 for £3.00,Buy any 6 for £3.00
2015-11-04 09:44:20.148407,SAINSBURY,211814,"Yoghurt, small individual",http://www.sainsburys.co.uk/shop/gb/groceries/dairy-eggs-chilled/corners-everyday-yogurts,yogurt single,0.5,MÜLLER CRUNCH CORNER STRAWBERRY SHORTCAKE YOGURT 135G,£0.70/unit,0.7,£0.52 / 100g,0.52,100,g,5.2,kg,Buy any 6 for £3.00,Buy any 6 for £3.00
2015-11-04 09:44:20.152812,SAINSBURY,211807,Yoghurt/Fromage Frais,http://www.sainsburys.co.uk/shop/gb/groceries/dairy-eggs-chilled/kids-yogurts,fromage frais ,1.0,MUNCH BUNCH DOUBLE UP FROMAGE FRAIS STRAWBERRY & RASPBERRY 4X85G,£1.00/unit,1.0,£0.29 / 100g,0.29,100,g,2.9,kg,Only £1.00: Save 50p,Only £1.00: Save 50p
2015-11-04 09:44:20.156828,SAINSBURY,211807,Yoghurt/Fromage Frais,http://www.sainsburys.co.uk/shop/gb/groceries/dairy-eggs-chilled/kids-yogurts,fromage frais ,1.0,MUNCH BUNCH DOUBLE UP FROMAGE FRAIS STRAWBERRY & VANILLA 4X85G,£1.00/unit,1.0,£0.29 / 100g,0.29,100,g,2.9,kg,Only £1.00: Save 50p,Only £1.00: Save 50p
2015-11-04 09:44:20.160665,SAINSBURY,211807,Yoghurt/Fromage Frais,http://www.sainsburys.co.uk/shop/gb/groceries/dairy-eggs-chilled/kids-yogurts,fromage frais ,1.0,MUNCH BUNCH FROMAGE FRAIS 6X42G,£1.00/unit,1.0,£0.40 / 100g,0.4,100,g,4.0,kg,Only £1.00: Save 50p,Only £1.00: Save 50p
2015-11-04 09:44:20.166901,SAINSBURY,212717,"Apples, dessert, per kg",http://www.sainsburys.co.uk/shop/gb/groceries/fresh-fruit-veg/apples-pears-rhubarb,apples ,1.0,SAINSBURY'S BRAEBURN APPLES X5 (MINIMUM),£1.50/unit,1.5,£1.50 / 1 ea,1.5,1,ea,1.5,each,,
2015-11-04 09:44:20.172484,SAINSBURY,212717,"Apples, dessert, per kg",http://www.sainsburys.co.uk/shop/gb/groceries/fresh-fruit-veg/apples-pears-rhubarb,apples ,0.0,SAINSBURY'S BRITISH BRAMLEY APPLE BAG X4 (MINIMUM),£1.50/unit,1.5,£1.50 / 1 ea,1.5,1,ea,1.5,each,,
2015-11-04 09:44:20.178158,SAINSBURY,212017,Fizzy bottled drink,http://www.sainsburys.co.uk/shop/gb/groceries/drinks/fruit-flavoured,bottle,0.0,7UP CHERRY & BUBBLES 6X330ML,£2.00/unit,2.0,£0.10 / 100ml,0.1,100,ml,1.0,l,Only £2.00: Save £1.20,Only £2.00: Save £1.20
2015-11-04 09:44:20.183323,SAINSBURY,212017,Fizzy bottled drink,http://www.sainsburys.co.uk/shop/gb/groceries/drinks/fruit-flavoured,bottle,0.0,7UP LIGHT 2L,£1.85/unit,1.85,£0.09 / 100ml,0.09,100,ml,0.9,l,Buy any 2 for £3.00,Buy any 2 for £3.00
2015-11-04 09:44:20.202532,SAINSBURY,212519,"Fresh Veg, Onions, per kg",http://www.sainsburys.co.uk/shop/gb/groceries/fresh-fruit-veg/onions-leeks-garlic,onions ,0.0,"SAINSBURY'S BABY LEEKS, TASTE THE DIFFERENCE 175G",£2.00/unit,2.0,£11.43 / 1 kg,11.43,1,kg,11.43,kg,,
2015-11-04 09:44:20.221626,SAINSBURY,211814,"Yoghurt, small individual",http://www.sainsburys.co.uk/shop/gb/groceries/dairy-eggs-chilled/corners-everyday-yogurts,yogurt single,0.5,MÜLLER CRUNCH CORNER TOFFEE HOOPS YOGURT 135G,£0.70/unit,0.7,£0.52 / 100g,0.52,100,g,5.2,kg,Buy any 6 for £3.00,Buy any 6 for £3.00
2015-11-04 09:44:20.225497,SAINSBURY,211814,"Yoghurt, small individual",http://www.sainsburys.co.uk/shop/gb/groceries/dairy-eggs-chilled/corners-everyday-yogurts,yogurt single,0.5,MÜLLER CRUNCH CORNER VANILLA CHOCOLATE BALLS YOGURT 135G,£0.70/unit,0.7,£0.52 / 100ml,0.52,100,ml,5.2,l,Buy any 6 for £3.00,Buy any 6 for £3.00
2015-11-04 09:44:20.229212,SAINSBURY,211814,"Yoghurt, small individual",http://www.sainsburys.co.uk/shop/gb/groceries/dairy-eggs-chilled/corners-everyday-yogurts,yogurt single,0.5,MÜLLER CRUNCH CORNER YOGURT 6X135G,£2.00/unit,2.0,£0.25 / 100g,0.25,100,g,2.5,kg,Only £2.00: Save £1.00,Only £2.00: Save £1.00
2015-11-04 09:44:20.233203,SAINSBURY,211807,Yoghurt/Fromage Frais,http://www.sainsburys.co.uk/shop/gb/groceries/dairy-eggs-chilled/kids-yogurts,fromage frais ,0.0,MUNCH BUNCH FRUIT YOGURT 4X100G,£1.00/unit,1.0,£0.25 / 100g,0.25,100,g,2.5,kg,Only £1.00: Save 50p,Only £1.00: Save 50p
2015-11-04 09:44:20.236898,SAINSBURY,211807,Yoghurt/Fromage Frais,http://www.sainsburys.co.uk/shop/gb/groceries/dairy-eggs-chilled/kids-yogurts,fromage frais ,0.0,MUNCH BUNCH RASPBERRY & STRAWBERRY POUCHES 4X80G,£2.00/unit,2.0,£0.63 / 100g,0.63,100,g,6.3,kg,Buy any 2 for £3.00,Buy any 2 for £3.00
2015-11-04 09:44:20.240413,SAINSBURY,211807,Yoghurt/Fromage Frais,http://www.sainsburys.co.uk/shop/gb/groceries/dairy-eggs-chilled/kids-yogurts,fromage frais ,0.0,MUNCH BUNCH SEASONAL SQUASHUMS YOGURT 6X60G,£2.00/unit,2.0,£0.56 / 100g,0.56,100,g,5.6,kg,Buy any 2 for £3.00,Buy any 2 for £3.00
2015-11-04 09:44:20.246370,SAINSBURY,212717,"Apples, dessert, per kg",http://www.sainsburys.co.uk/shop/gb/groceries/fresh-fruit-veg/apples-pears-rhubarb,apples ,0.0,SAINSBURY'S CONFERENCE PEARS X4 (MINIMUM),£1.00/unit,1.0,£1.00 / 1 ea,1.0,1,ea,1.0,each,Only £1.00: Save 50p,Only £1.00: Save 50p
2015-11-04 09:44:20.251648,SAINSBURY,212717,"Apples, dessert, per kg",http://www.sainsburys.co.uk/shop/gb/groceries/fresh-fruit-veg/apples-pears-rhubarb,apples ,0.0,"SAINSBURY'S CONFERENCE PEARS, RIPE & READY X4 (MINIMUM)",£1.50/unit,1.5,£1.50 / 1 ea,1.5,1,ea,1.5,each,Only £1.50: Save 50p,Only £1.50: Save 50p
2015-11-04 09:44:20.257316,SAINSBURY,212017,Fizzy bottled drink,http://www.sainsburys.co.uk/shop/gb/groceries/drinks/fruit-flavoured,bottle,0.0,7UP SUGAR FREE 6X330ML,£2.00/unit,2.0,£0.10 / 100ml,0.1,100,ml,1.0,l,Only £2.00: Save £1.20,Only £2.00: Save £1.20
2015-11-04 09:44:20.262306,SAINSBURY,212017,Fizzy bottled drink,http://www.sainsburys.co.uk/shop/gb/groceries/drinks/fruit-flavoured,bottle,0.0,APPLETISER 6X330ML,£4.00/unit,4.0,£0.20 / 100ml,0.2,100,ml,2.0,l,,
2015-11-04 09:44:20.267664,SAINSBURY,212519,"Fresh Veg, Onions, per kg",http://www.sainsburys.co.uk/shop/gb/groceries/fresh-fruit-veg/onions-leeks-garlic,onions ,1.0,SAINSBURY'S BABY ONIONS 750G,£1.00/unit,1.0,£1.33 / 1 kg,1.33,1,kg,1.33,kg,,
2015-11-04 09:44:20.272388,SAINSBURY,212519,"Fresh Veg, Onions, per kg",http://www.sainsburys.co.uk/shop/gb/groceries/fresh-fruit-veg/onions-leeks-garlic,onions ,1.0,SAINSBURY'S DICED ONIONS 300G,£0.50/unit,0.5,£1.67 / 1 kg,1.67,1,kg,1.67,kg,,
2015-11-04 09:44:20.287604,SAINSBURY,212515,"Fresh Veg, Tomatoes, per kg",http://www.sainsburys.co.uk/shop/gb/groceries/fresh-fruit-veg/fresh-salad-tomatoes,tomatoes ,1.0,SAINSBURY'S BABY PLUM TOMATOES 250G,£0.90/unit,0.9,£3.60 / 1 kg,3.6,1,kg,3.6,kg,,
2015-11-04 09:44:20.294477,SAINSBURY,211814,"Yoghurt, small individual",http://www.sainsburys.co.uk/shop/gb/groceries/dairy-eggs-chilled/corners-everyday-yogurts,yogurt single,0.5,MÜLLER FRUIT CORNER BLACKBERRY & RASPBERRY YOGURT 150G,£0.70/unit,0.7,£0.47 / 100g,0.47,100,g,4.7,kg,Buy any 6 for £3.00,Buy any 6 for £3.00
2015-11-04 09:44:20.297874,SAINSBURY,211814,"Yoghurt, small individual",http://www.sainsburys.co.uk/shop/gb/groceries/dairy-eggs-chilled/corners-everyday-yogurts,yogurt single,0.5,MÜLLER FRUIT CORNER BLUEBERRY YOGURT 150G,£0.70/unit,0.7,£0.47 / 100g,0.47,100,g,4.7,kg,Buy any 6 for £3.00,Buy any 6 for £3.00
2015-11-04 09:44:20.301110,SAINSBURY,211814,"Yoghurt, small individual",http://www.sainsburys.co.uk/shop/gb/groceries/dairy-eggs-chilled/corners-everyday-yogurts,yogurt single,0.5,MÜLLER FRUIT CORNER CHERRY YOGURT 150G,£0.70/unit,0.7,£0.47 / 100g,0.47,100,g,4.7,kg,Buy any 6 for £3.00,Buy any 6 for £3.00
2015-11-04 09:44:20.304681,SAINSBURY,211807,Yoghurt/Fromage Frais,http://www.sainsburys.co.uk/shop/gb/groceries/dairy-eggs-chilled/kids-yogurts,fromage frais ,0.0,"MUNCH BUNCH STRAWBERRY & RASPBERRY, 30% LESS SUGAR 6X42G",£1.00/unit,1.0,£0.40 / 100g,0.4,100,g,4.0,kg,Only £1.00: Save 50p,Only £1.00: Save 50p
2015-11-04 09:44:20.308006,SAINSBURY,211807,Yoghurt/Fromage Frais,http://www.sainsburys.co.uk/shop/gb/groceries/dairy-eggs-chilled/kids-yogurts,fromage frais ,0.0,MUNCH BUNCH STRAWBERRY DRINKY 6X90G,£2.00/unit,2.0,£0.37 / 100g,0.37,100,g,3.7,kg,Buy any 2 for £3.00,Buy any 2 for £3.00
2015-11-04 09:44:20.311105,SAINSBURY,211807,Yoghurt/Fromage Frais,http://www.sainsburys.co.uk/shop/gb/groceries/dairy-eggs-chilled/kids-yogurts,fromage frais ,0.0,NESQUIK SNACKS 4X26G,£1.00/unit,1.0,£0.96 / 100g,0.96,100,g,9.6,kg,,
2015-11-04 09:44:20.314083,SAINSBURY,211807,Yoghurt/Fromage Frais,http://www.sainsburys.co.uk/shop/gb/groceries/dairy-eggs-chilled/kids-yogurts,fromage frais ,0.0,NESTLE MILKYBAR DESSERTS 2X70G,£1.30/unit,1.3,£0.93 / 100g,0.93,100,g,9.3,kg,,
2015-11-04 09:44:20.319608,SAINSBURY,212717,"Apples, dessert, per kg",http://www.sainsburys.co.uk/shop/gb/groceries/fresh-fruit-veg/apples-pears-rhubarb,apples ,0.0,SAINSBURY'S DESSERT PEAR BAG X6 (MINIMUM),£1.25/unit,1.25,£0.21 / 1 ea,0.21,1,ea,0.21,each,,
2015-11-04 09:44:20.324527,SAINSBURY,212717,"Apples, dessert, per kg",http://www.sainsburys.co.uk/shop/gb/groceries/fresh-fruit-veg/apples-pears-rhubarb,apples ,1.0,SAINSBURY'S GOLDEN DELICIOUS APPLES X5 (MINIMUM),£1.50/unit,1.5,£1.50 / 1 ea,1.5,1,ea,1.5,each,,
2015-11-04 09:44:20.329692,SAINSBURY,212017,Fizzy bottled drink,http://www.sainsburys.co.uk/shop/gb/groceries/drinks/fruit-flavoured,bottle,0.0,DR PEPPER 500ML,£1.25/unit,1.25,£0.25 / 100ml,0.25,100,ml,2.5,l,Buy any 2 for £2.00,Buy any 2 for £2.00
2015-11-04 09:44:20.334431,SAINSBURY,212017,Fizzy bottled drink,http://www.sainsburys.co.uk/shop/gb/groceries/drinks/fruit-flavoured,bottle,0.0,DR PEPPER SPARKLING DRINK 2L,£1.85/unit,1.85,£0.09 / 100ml,0.09,100,ml,0.9,l,,
2015-11-04 09:44:20.338905,SAINSBURY,212017,Fizzy bottled drink,http://www.sainsburys.co.uk/shop/gb/groceries/drinks/fruit-flavoured,bottle,0.0,DR PEPPER SPARKLING DRINK 6X330ML,£3.20/unit,3.2,£0.16 / 100ml,0.16,100,ml,1.6,l,Buy any 2 for £6.00,Buy any 2 for £6.00
2015-11-04 09:44:20.344150,SAINSBURY,212519,"Fresh Veg, Onions, per kg",http://www.sainsburys.co.uk/shop/gb/groceries/fresh-fruit-veg/onions-leeks-garlic,onions ,0.0,SAINSBURY'S ESCHALION SHALLOTS 400G,£1.50/unit,1.5,£3.75 / 1 kg,3.75,1,kg,3.75,kg,,
2015-11-04 09:44:20.348696,SAINSBURY,212519,"Fresh Veg, Onions, per kg",http://www.sainsburys.co.uk/shop/gb/groceries/fresh-fruit-veg/onions-leeks-garlic,onions ,1.0,SAINSBURY'S LARGE ONIONS X3,£1.00/unit,1.0,£1.67 / 1 g,1.67,1,g,1670.0,kg,,
2015-11-04 09:44:20.353084,SAINSBURY,212519,"Fresh Veg, Onions, per kg",http://www.sainsburys.co.uk/shop/gb/groceries/fresh-fruit-veg/onions-leeks-garlic,onions ,1.0,SAINSBURY'S LARGE RED ONIONS X3,£0.80/unit,0.8,£2.19 / 1 kg,2.19,1,kg,2.19,kg,,
2015-11-04 09:44:20.357504,SAINSBURY,212515,"Fresh Veg, Tomatoes, per kg",http://www.sainsburys.co.uk/shop/gb/groceries/fresh-fruit-veg/fresh-salad-tomatoes,tomatoes ,0.0,"SAINSBURY'S BABY PLUM TOMATOES, SO ORGANIC 225G",£1.80/unit,1.8,£8.00 / 1 kg,8.0,1,kg,8.0,kg,,
2015-11-04 09:44:20.361456,SAINSBURY,212515,"Fresh Veg, Tomatoes, per kg",http://www.sainsburys.co.uk/shop/gb/groceries/fresh-fruit-veg/fresh-salad-tomatoes,tomatoes ,0.0,SAINSBURY'S BEEF TOMATO (EACH),£0.80/unit,0.8,£4.00 / 1 kg,4.0,1,kg,4.0,kg,,
2015-11-04 09:44:20.365231,SAINSBURY,212515,"Fresh Veg, Tomatoes, per kg",http://www.sainsburys.co.uk/shop/gb/groceries/fresh-fruit-veg/fresh-salad-tomatoes,tomatoes ,1.0,SAINSBURY'S BEST OF BRITISH TOMATOES 250G,£1.75/unit,1.75,£7.00 / 1 kg,7.0,1,kg,7.0,kg,,
2015-11-04 09:44:20.384025,SAINSBURY,211814,"Yoghurt, small individual",http://www.sainsburys.co.uk/shop/gb/groceries/dairy-eggs-chilled/corners-everyday-yogurts,yogurt single,0.5,MÜLLER FRUIT CORNER PEACH & APRICOT YOGURT 150G,£0.70/unit,0.7,£0.47 / 100g,0.47,100,g,4.7,kg,Buy any 6 for £3.00,Buy any 6 for £3.00
2015-11-04 09:44:20.386942,SAINSBURY,211814,"Yoghurt, small individual",http://www.sainsburys.co.uk/shop/gb/groceries/dairy-eggs-chilled/corners-everyday-yogurts,yogurt single,0.5,MÜLLER FRUIT CORNER STRAWBERRY YOGURT 150G,£0.70/unit,0.7,£0.47 / 100g,0.47,100,g,4.7,kg,Buy any 6 for £3.00,Buy any 6 for £3.00
2015-11-04 09:44:20.389709,SAINSBURY,211814,"Yoghurt, small individual",http://www.sainsburys.co.uk/shop/gb/groceries/dairy-eggs-chilled/corners-everyday-yogurts,yogurt single,0.5,MÜLLER FRUIT CORNER YOGURT 6X150G,£2.00/unit,2.0,£0.22 / 100g,0.22,100,g,2.2,kg,Only £2.00: Save £1.00,Only £2.00: Save £1.00
2015-11-04 09:44:20.392424,SAINSBURY,211814,"Yoghurt, small individual",http://www.sainsburys.co.uk/shop/gb/groceries/dairy-eggs-chilled/corners-everyday-yogurts,yogurt single,0.0,MÜLLER LIGHT CHOCOLATE & TOFFEE CORNERS 4X107G,£2.50/unit,2.5,£0.58 / 100g,0.58,100,g,5.8,kg,,
2015-11-04 09:44:20.395345,SAINSBURY,211807,Yoghurt/Fromage Frais,http://www.sainsburys.co.uk/shop/gb/groceries/dairy-eggs-chilled/kids-yogurts,fromage frais ,1.0,PEPPA PIG FROMAGE FRAIS 6X45G,£1.00/unit,1.0,£0.37 / 100g,0.37,100,g,3.7,kg,,
2015-11-04 09:44:20.398068,SAINSBURY,211807,Yoghurt/Fromage Frais,http://www.sainsburys.co.uk/shop/gb/groceries/dairy-eggs-chilled/kids-yogurts,fromage frais ,1.0,PETITS FILOUS FROMAGE FRAIS 18X47G,£2.00/unit,2.0,£0.23 / 100g,0.23,100,g,2.3,kg,Only £2.00: Save £1.00,Only £2.00: Save £1.00
2015-11-04 09:44:20.400770,SAINSBURY,211807,Yoghurt/Fromage Frais,http://www.sainsburys.co.uk/shop/gb/groceries/dairy-eggs-chilled/kids-yogurts,fromage frais ,0.5,"PETITS FILOUS FROMAGE FRAIS, APRICOT POUCH 70G",£0.60/unit,0.6,£0.86 / 100g,0.86,100,g,8.6,kg,Only 60p: Save 20p,Only 60p: Save 20p
2015-11-04 09:44:20.403338,SAINSBURY,211807,Yoghurt/Fromage Frais,http://www.sainsburys.co.uk/shop/gb/groceries/dairy-eggs-chilled/kids-yogurts,fromage frais ,0.5,"PETITS FILOUS FROMAGE FRAIS, FRUIT LAYERS 6X55G",£1.25/unit,1.25,£0.38 / 100g,0.38,100,g,3.8,kg,,
2015-11-04 09:44:20.408516,SAINSBURY,212717,"Apples, dessert, per kg",http://www.sainsburys.co.uk/shop/gb/groceries/fresh-fruit-veg/apples-pears-rhubarb,apples ,1.0,SAINSBURY'S GRANNY SMITH APPLES X5 (MINIMUM),£1.50/unit,1.5,£1.50 / 1 ea,1.5,1,ea,1.5,each,,
2015-11-04 09:44:20.413143,SAINSBURY,212717,"Apples, dessert, per kg",http://www.sainsburys.co.uk/shop/gb/groceries/fresh-fruit-veg/apples-pears-rhubarb,apples ,1.0,SAINSBURY'S JAZZ APPLES X6 (MINIMUM),£1.90/unit,1.9,£1.90 / 1 ea,1.9,1,ea,1.9,each,,
2015-11-04 09:44:20.417651,SAINSBURY,212717,"Apples, dessert, per kg",http://www.sainsburys.co.uk/shop/gb/groceries/fresh-fruit-veg/apples-pears-rhubarb,apples ,1.0,SAINSBURY'S PINK LADY APPLES X4,£2.00/unit,2.0,£2.00 / 1 ea,2.0,1,ea,2.0,each,,
2015-11-04 09:44:20.422230,SAINSBURY,212017,Fizzy bottled drink,http://www.sainsburys.co.uk/shop/gb/groceries/drinks/fruit-flavoured,bottle,0.0,DR PEPPER ZERO 2L,£1.85/unit,1.85,£0.09 / 100ml,0.09,100,ml,0.9,l,,
2015-11-04 09:44:20.426421,SAINSBURY,212017,Fizzy bottled drink,http://www.sainsburys.co.uk/shop/gb/groceries/drinks/fruit-flavoured,bottle,0.0,DR PEPPER ZERO 500ML,£1.15/unit,1.15,£0.23 / 100ml,0.23,100,ml,2.3,l,Buy any 2 for £2.00,Buy any 2 for £2.00
2015-11-04 09:44:20.430601,SAINSBURY,212017,Fizzy bottled drink,http://www.sainsburys.co.uk/shop/gb/groceries/drinks/fruit-flavoured,bottle,0.0,DR PEPPER ZERO 6X330ML,£3.20/unit,3.2,£0.16 / 100ml,0.16,100,ml,1.6,l,Buy any 2 for £6.00,Buy any 2 for £6.00
2015-11-04 09:44:20.435166,SAINSBURY,212519,"Fresh Veg, Onions, per kg",http://www.sainsburys.co.uk/shop/gb/groceries/fresh-fruit-veg/onions-leeks-garlic,onions ,0.0,SAINSBURY'S LEEKS (LOOSE),£2.00/kg,2.0,£2.00 / 1 kg,2.0,1,kg,2.0,kg,,
2015-11-04 09:44:20.439123,SAINSBURY,212519,"Fresh Veg, Onions, per kg",http://www.sainsburys.co.uk/shop/gb/groceries/fresh-fruit-veg/onions-leeks-garlic,onions ,0.0,"SAINSBURY'S LEEKS, SO ORGANIC 400G",£2.00/unit,2.0,£5.00 / 1 kg,5.0,1,kg,5.0,kg,,
2015-11-04 09:44:20.442943,SAINSBURY,212519,"Fresh Veg, Onions, per kg",http://www.sainsburys.co.uk/shop/gb/groceries/fresh-fruit-veg/onions-leeks-garlic,onions ,0.0,"SAINSBURY'S LEEKS, TRIMMED 500G",£1.00/unit,1.0,£2.00 / 1 kg,2.0,1,kg,2.0,kg,,
2015-11-04 09:44:20.446907,SAINSBURY,212515,"Fresh Veg, Tomatoes, per kg",http://www.sainsburys.co.uk/shop/gb/groceries/fresh-fruit-veg/fresh-salad-tomatoes,tomatoes ,0.0,"SAINSBURY'S BRITISH JUBILEE LARGE VINE TOMATOES, TASTE THE DIFFERENCE",£1.75/unit,1.75,£3.98 / 1 kg,3.98,1,kg,3.98,kg,,
2015-11-04 09:44:20.450470,SAINSBURY,212515,"Fresh Veg, Tomatoes, per kg",http://www.sainsburys.co.uk/shop/gb/groceries/fresh-fruit-veg/fresh-salad-tomatoes,tomatoes ,1.0,SAINSBURY'S CHERRY TOMATOES 335G,£0.90/unit,0.9,£2.69 / 1 kg,2.69,1,kg,2.69,kg,,
2015-11-04 09:44:20.453996,SAINSBURY,212515,"Fresh Veg, Tomatoes, per kg",http://www.sainsburys.co.uk/shop/gb/groceries/fresh-fruit-veg/fresh-salad-tomatoes,tomatoes ,1.0,SAINSBURY'S CHERRY TOMATOES 650G,£1.50/unit,1.5,£2.31 / 1 kg,2.31,1,kg,2.31,kg,,
2015-11-04 09:44:20.461609,SAINSBURY,310218,"Apple Cider, bottle, 4.5%-5.5% ABV",http://www.sainsburys.co.uk/shop/gb/groceries/drinks/cider,apple cider,0.0,LAMBRINI BIANCO PERRY 75CL,£2.00/unit,2.0,£2.67 / 1 ltr,2.67,1,ltr,2.67,l,,
2015-11-04 09:44:20.466854,SAINSBURY,310218,"Apple Cider, bottle, 4.5%-5.5% ABV",http://www.sainsburys.co.uk/shop/gb/groceries/drinks/cider,apple cider,0.5,MAGNERS IRISH CIDER ORIGINAL 12X440ML,£11.50/unit,11.5,£2.18 / 1 ltr,2.18,1,ltr,2.18,l,Buy any 2 for £18.00,Buy any 2 for £18.00
2015-11-04 09:44:20.474370,SAINSBURY,211814,"Yoghurt, small individual",http://www.sainsburys.co.uk/shop/gb/groceries/dairy-eggs-chilled/corners-everyday-yogurts,yogurt single,0.0,MÜLLER LIGHT LEMON MERINGUE CORNERS 4X107G,£2.50/unit,2.5,£0.58 / 100g,0.58,100,g,5.8,kg,,
2015-11-04 09:44:20.476741,SAINSBURY,211814,"Yoghurt, small individual",http://www.sainsburys.co.uk/shop/gb/groceries/dairy-eggs-chilled/corners-everyday-yogurts,yogurt single,0.0,MÜLLER LIGHT STRAWBERRY & WHITE CHOCOLATE CORNERS 4X107G,£2.50/unit,2.5,£0.58 / 100g,0.58,100,g,5.8,kg,,
2015-11-04 09:44:20.486527,SAINSBURY,211807,Yoghurt/Fromage Frais,http://www.sainsburys.co.uk/shop/gb/groceries/dairy-eggs-chilled/kids-yogurts,fromage frais ,0.5,"PETITS FILOUS FROMAGE FRAIS, RASPBERRY POUCH 70G",£0.60/unit,0.6,£0.86 / 100g,0.86,100,g,8.6,kg,Only 60p: Save 20p,Only 60p: Save 20p
2015-11-04 09:44:20.488960,SAINSBURY,211807,Yoghurt/Fromage Frais,http://www.sainsburys.co.uk/shop/gb/groceries/dairy-eggs-chilled/kids-yogurts,fromage frais ,0.5,"PETITS FILOUS FROMAGE FRAIS, STRAWBERRY & APRICOT 4X85G",£1.25/unit,1.25,£0.37 / 100g,0.37,100,g,3.7,kg,,
2015-11-04 09:44:20.500205,SAINSBURY,212717,"Apples, dessert, per kg",http://www.sainsburys.co.uk/shop/gb/groceries/fresh-fruit-veg/apples-pears-rhubarb,apples ,1.0,SAINSBURY'S PINK LADY APPLES X5 (MINIMUM),£2.25/unit,2.25,£2.25 / 1 ea,2.25,1,ea,2.25,each,,
2015-11-04 09:44:20.504685,SAINSBURY,212717,"Apples, dessert, per kg",http://www.sainsburys.co.uk/shop/gb/groceries/fresh-fruit-veg/apples-pears-rhubarb,apples ,1.0,SAINSBURY'S ROYAL GALA APPLES X5 (MINIMUM),£1.00/unit,1.0,£1.00 / 1 ea,1.0,1,ea,1.0,each,Only £1.00: Save 50p,Only £1.00: Save 50p
2015-11-04 09:44:20.508889,SAINSBURY,212717,"Apples, dessert, per kg",http://www.sainsburys.co.uk/shop/gb/groceries/fresh-fruit-veg/apples-pears-rhubarb,apples ,0.0,"SAINSBURY'S APPLES, BASICS X4 (MINIMUM, VARIETY & SIZE WILL VARY)",£0.80/unit,0.8,£0.80 / 1 ea,0.8,1,ea,0.8,each,,
2015-11-04 09:44:20.513279,SAINSBURY,212017,Fizzy bottled drink,http://www.sainsburys.co.uk/shop/gb/groceries/drinks/fruit-flavoured,bottle,0.0,FANTA APPLE & SOUR CHERRY 6X330ML,£3.20/unit,3.2,£0.16 / 100ml,0.16,100,ml,1.6,l,Buy any 2 for £6.00,Buy any 2 for £6.00
2015-11-04 09:44:20.517331,SAINSBURY,212017,Fizzy bottled drink,http://www.sainsburys.co.uk/shop/gb/groceries/drinks/fruit-flavoured,bottle,0.0,FANTA FRUIT TWIST DRINK 2L,£1.85/unit,1.85,£0.09 / 100ml,0.09,100,ml,0.9,l,,
2015-11-04 09:44:20.521118,SAINSBURY,212017,Fizzy bottled drink,http://www.sainsburys.co.uk/shop/gb/groceries/drinks/fruit-flavoured,bottle,0.0,FANTA FRUIT TWIST DRINK 500ML,£1.25/unit,1.25,£0.25 / 100ml,0.25,100,ml,2.5,l,Buy any 2 for £2.00,Buy any 2 for £2.00
2015-11-04 09:44:20.525338,SAINSBURY,212519,"Fresh Veg, Onions, per kg",http://www.sainsburys.co.uk/shop/gb/groceries/fresh-fruit-veg/onions-leeks-garlic,onions ,1.0,SAINSBURY'S ONIONS (LOOSE),£0.80/kg,0.8,£0.80 / 1 kg,0.8,1,kg,0.8,kg,,
2015-11-04 09:44:20.528975,SAINSBURY,212519,"Fresh Veg, Onions, per kg",http://www.sainsburys.co.uk/shop/gb/groceries/fresh-fruit-veg/onions-leeks-garlic,onions ,1.0,SAINSBURY'S ONIONS 1KG,£0.80/unit,0.8,£0.80 / 1 kg,0.8,1,kg,0.8,kg,,
2015-11-04 09:44:20.532411,SAINSBURY,212519,"Fresh Veg, Onions, per kg",http://www.sainsburys.co.uk/shop/gb/groceries/fresh-fruit-veg/onions-leeks-garlic,onions ,0.0,"SAINSBURY'S ONIONS, BASICS 1.5KG",£0.90/unit,0.9,£0.60 / 1 kg,0.6,1,kg,0.6,kg,,
2015-11-04 09:44:20.535996,SAINSBURY,212515,"Fresh Veg, Tomatoes, per kg",http://www.sainsburys.co.uk/shop/gb/groceries/fresh-fruit-veg/fresh-salad-tomatoes,tomatoes ,1.0,SAINSBURY'S CLASSIC ROUND TOMATOES X6,£0.75/unit,0.75,£1.88 / 1 kg,1.88,1,kg,1.88,kg,,
2015-11-04 09:44:20.539214,SAINSBURY,212515,"Fresh Veg, Tomatoes, per kg",http://www.sainsburys.co.uk/shop/gb/groceries/fresh-fruit-veg/fresh-salad-tomatoes,tomatoes ,0.0,"SAINSBURY'S MEDIUM VINE TOMATOES, TASTE THE DIFFERENCE 300G",£1.75/unit,1.75,£5.83 / 1 kg,5.83,1,kg,5.83,kg,,
2015-11-04 09:44:20.542307,SAINSBURY,212515,"Fresh Veg, Tomatoes, per kg",http://www.sainsburys.co.uk/shop/gb/groceries/fresh-fruit-veg/fresh-salad-tomatoes,tomatoes ,0.0,"SAINSBURY'S MIDI PLUM SUNDREAM TOMATOES, TASTE THE DIFFERENCE 225G",£1.75/unit,1.75,£7.78 / 1 kg,7.78,1,kg,7.78,kg,,
2015-11-04 09:44:20.545302,SAINSBURY,212515,"Fresh Veg, Tomatoes, per kg",http://www.sainsburys.co.uk/shop/gb/groceries/fresh-fruit-veg/fresh-salad-tomatoes,tomatoes ,1.0,SAINSBURY'S PLUM TOMATOES 500G,£1.20/unit,1.2,£2.40 / 1 kg,2.4,1,kg,2.4,kg,,
2015-11-04 09:44:20.550790,SAINSBURY,310218,"Apple Cider, bottle, 4.5%-5.5% ABV",http://www.sainsburys.co.uk/shop/gb/groceries/drinks/cider,apple cider,0.5,MAGNERS IRISH CIDER ORIGINAL 4X330ML,£4.00/unit,4.0,£3.03 / 1 ltr,3.03,1,ltr,3.03,l,,
2015-11-04 09:44:20.555799,SAINSBURY,310218,"Apple Cider, bottle, 4.5%-5.5% ABV",http://www.sainsburys.co.uk/shop/gb/groceries/drinks/cider,apple cider,0.5,MAGNERS IRISH CIDER ORIGINAL 568ML,£1.50/unit,1.5,£2.64 / 1 ltr,2.64,1,ltr,2.64,l,Only £1.50: Save 50p,Only £1.50: Save 50p
2015-11-04 09:44:20.565497,SAINSBURY,212717,"Apples, dessert, per kg",http://www.sainsburys.co.uk/shop/gb/groceries/fresh-fruit-veg/apples-pears-rhubarb,apples ,0.0,"SAINSBURY'S APPLES, SO ORGANIC X5 (MINIMUM)",£2.50/unit,2.5,£0.50 / 1 ea,0.5,1,ea,0.5,each,,
2015-11-04 09:44:20.569431,SAINSBURY,212717,"Apples, dessert, per kg",http://www.sainsburys.co.uk/shop/gb/groceries/fresh-fruit-veg/apples-pears-rhubarb,apples ,0.0,SAINSBURY'S ASIAN PEARS X3,£1.50/unit,1.5,£1.50 / 1 kg,1.5,1,kg,1.5,kg,,
2015-11-04 09:44:20.573193,SAINSBURY,212717,"Apples, dessert, per kg",http://www.sainsburys.co.uk/shop/gb/groceries/fresh-fruit-veg/apples-pears-rhubarb,apples ,0.0,SAINSBURY'S BLUSH PEARS X5 (MINIMUM),£1.90/unit,1.9,£1.90 / 1 ea,1.9,1,ea,1.9,each,,
2015-11-04 09:44:20.577168,SAINSBURY,212017,Fizzy bottled drink,http://www.sainsburys.co.uk/shop/gb/groceries/drinks/fruit-flavoured,bottle,0.0,FANTA FRUIT TWIST X6 330ML,£3.20/unit,3.2,£0.16 / 100ml,0.16,100,ml,1.6,l,Buy any 2 for £6.00,Buy any 2 for £6.00
2015-11-04 09:44:20.580832,SAINSBURY,212017,Fizzy bottled drink,http://www.sainsburys.co.uk/shop/gb/groceries/drinks/fruit-flavoured,bottle,0.0,FANTA LEMON 2L,£1.85/unit,1.85,£0.09 / 100ml,0.09,100,ml,0.9,l,,
2015-11-04 09:44:20.584296,SAINSBURY,212017,Fizzy bottled drink,http://www.sainsburys.co.uk/shop/gb/groceries/drinks/fruit-flavoured,bottle,0.0,FANTA MANGO & PASSIONFRUIT 2L,£1.85/unit,1.85,£0.09 / 100ml,0.09,100,ml,0.9,l,,
2015-11-04 09:44:20.587653,SAINSBURY,212519,"Fresh Veg, Onions, per kg",http://www.sainsburys.co.uk/shop/gb/groceries/fresh-fruit-veg/onions-leeks-garlic,onions ,0.0,"SAINSBURY'S ONIONS, SO ORGANIC 750G",£1.00/unit,1.0,£1.33 / 1 kg,1.33,1,kg,1.33,kg,,
2015-11-04 09:44:20.590774,SAINSBURY,212519,"Fresh Veg, Onions, per kg",http://www.sainsburys.co.uk/shop/gb/groceries/fresh-fruit-veg/onions-leeks-garlic,onions ,1.0,SAINSBURY'S RED ONIONS (LOOSE),£1.00/kg,1.0,£1.00 / 1 kg,1.0,1,kg,1.0,kg,,
2015-11-04 09:44:20.593763,SAINSBURY,212519,"Fresh Veg, Onions, per kg",http://www.sainsburys.co.uk/shop/gb/groceries/fresh-fruit-veg/onions-leeks-garlic,onions ,1.0,SAINSBURY'S RED ONIONS 1KG,£1.00/unit,1.0,£1.00 / 1 g,1.0,1,g,1000.0,kg,,
2015-11-04 09:44:20.596747,SAINSBURY,212519,"Fresh Veg, Onions, per kg",http://www.sainsburys.co.uk/shop/gb/groceries/fresh-fruit-veg/onions-leeks-garlic,onions ,0.0,"SAINSBURY'S RED ONIONS, SO ORGANIC 500G",£1.00/unit,1.0,£2.00 / 1 kg,2.0,1,kg,2.0,kg,,
2015-11-04 09:44:20.599733,SAINSBURY,212515,"Fresh Veg, Tomatoes, per kg",http://www.sainsburys.co.uk/shop/gb/groceries/fresh-fruit-veg/fresh-salad-tomatoes,tomatoes ,0.0,"SAINSBURY'S POMODORINO TOMATOES, TASTE THE DIFFERENCE 250G",£1.75/unit,1.75,£7.00 / 1 kg,7.0,1,kg,7.0,kg,,
2015-11-04 09:44:20.602496,SAINSBURY,212515,"Fresh Veg, Tomatoes, per kg",http://www.sainsburys.co.uk/shop/gb/groceries/fresh-fruit-veg/fresh-salad-tomatoes,tomatoes ,1.0,SAINSBURY'S RUBY JEWEL TOMATOES 300G,£1.65/unit,1.65,£5.50 / 1 kg,5.5,1,kg,5.5,kg,,
2015-11-04 09:44:20.605137,SAINSBURY,212515,"Fresh Veg, Tomatoes, per kg",http://www.sainsburys.co.uk/shop/gb/groceries/fresh-fruit-veg/fresh-salad-tomatoes,tomatoes ,0.0,"SAINSBURY'S SUNGLOW CHERRY TOMATOES, TASTE THE DIFFERENCE 220G",£1.75/unit,1.75,£7.95 / 1 kg,7.95,1,kg,7.95,kg,,
2015-11-04 09:44:20.607622,SAINSBURY,212515,"Fresh Veg, Tomatoes, per kg",http://www.sainsburys.co.uk/shop/gb/groceries/fresh-fruit-veg/fresh-salad-tomatoes,tomatoes ,1.0,SAINSBURY'S TOMATOES (LOOSE),£2.00/kg,2.0,£2.00 / 1 kg,2.0,1,kg,2.0,kg,,
2015-11-04 09:44:20.612767,SAINSBURY,310218,"Apple Cider, bottle, 4.5%-5.5% ABV",http://www.sainsburys.co.uk/shop/gb/groceries/drinks/cider,apple cider,0.5,MAGNERS IRISH CIDER ORIGINAL 8X500ML,£8.00/unit,8.0,£2.00 / 1 ltr,2.0,1,ltr,2.0,l,Only £8.00: Save £2.00,Only £8.00: Save £2.00
2015-11-04 09:44:20.617650,SAINSBURY,310218,"Apple Cider, bottle, 4.5%-5.5% ABV",http://www.sainsburys.co.uk/shop/gb/groceries/drinks/cider,apple cider,0.5,MAGNERS IRISH CIDER PEAR 568ML,£1.50/unit,1.5,£2.64 / 1 ltr,2.64,1,ltr,2.64,l,Only £1.50: Save 50p,Only £1.50: Save 50p
2015-11-04 09:44:20.633200,SAINSBURY,210213,"Breakfast Cereal 1, sugar/chocolate coated",http://www.sainsburys.co.uk/shop/gb/groceries/food-cupboard/kids-cereals,,1.0,NESTLE TOFFEE CRISP CEREAL 330G,£2.50/unit,2.5,£0.76 / 100g,0.76,100,g,7.6,kg,,
2015-11-04 09:44:20.638214,SAINSBURY,212717,"Apples, dessert, per kg",http://www.sainsburys.co.uk/shop/gb/groceries/fresh-fruit-veg/apples-pears-rhubarb,apples ,1.0,SAINSBURY'S BRAEBURN APPLES LOOSE,£2.00/kg,2.0,£2.00 / 1 kg,2.0,1,kg,2.0,kg,,
2015-11-04 09:44:20.641800,SAINSBURY,212717,"Apples, dessert, per kg",http://www.sainsburys.co.uk/shop/gb/groceries/fresh-fruit-veg/apples-pears-rhubarb,apples ,0.0,"SAINSBURY'S BRAEBURN APPLES, SO ORGANIC X5 (MINIMUM)",£1.90/unit,1.9,£1.90 / 1 ea,1.9,1,ea,1.9,each,,
2015-11-04 09:44:20.645185,SAINSBURY,212717,"Apples, dessert, per kg",http://www.sainsburys.co.uk/shop/gb/groceries/fresh-fruit-veg/apples-pears-rhubarb,apples ,1.0,SAINSBURY'S BRITISH BRAMLEY COOKING APPLES LOOSE,£1.85/kg,1.85,£1.85 / 1 kg,1.85,1,kg,1.85,kg,,
2015-11-04 09:44:20.648829,SAINSBURY,212017,Fizzy bottled drink,http://www.sainsburys.co.uk/shop/gb/groceries/drinks/fruit-flavoured,bottle,0.0,FANTA MANGO & PASSIONFRUIT 6X330ML,£3.20/unit,3.2,£0.16 / 100ml,0.16,100,ml,1.6,l,Buy any 2 for £6.00,Buy any 2 for £6.00
2015-11-04 09:44:20.652173,SAINSBURY,212017,Fizzy bottled drink,http://www.sainsburys.co.uk/shop/gb/groceries/drinks/fruit-flavoured,bottle,0.0,FANTA ORANGE 1.25L,£1.50/unit,1.5,£0.12 / 100ml,0.12,100,ml,1.2,l,,
2015-11-04 09:44:20.655278,SAINSBURY,212017,Fizzy bottled drink,http://www.sainsburys.co.uk/shop/gb/groceries/drinks/fruit-flavoured,bottle,0.0,FANTA ORANGE LIGHT ZERO 2L,£1.85/unit,1.85,£0.09 / 100ml,0.09,100,ml,0.9,l,,
2015-11-04 09:44:20.658175,SAINSBURY,212519,"Fresh Veg, Onions, per kg",http://www.sainsburys.co.uk/shop/gb/groceries/fresh-fruit-veg/onions-leeks-garlic,onions ,0.0,"SAINSBURY'S SALAD ONIONS, LARGE 130G",£1.00/unit,1.0,£0.77 / 100kg,0.77,100,kg,0.0077,kg,,
2015-11-04 09:44:20.660848,SAINSBURY,212519,"Fresh Veg, Onions, per kg",http://www.sainsburys.co.uk/shop/gb/groceries/fresh-fruit-veg/onions-leeks-garlic,onions ,0.0,SAINSBURY'S SHALLOTS 400G,£1.50/unit,1.5,£3.75 / 1 g,3.75,1,g,3750.0,kg,,
2015-11-04 09:44:20.663437,SAINSBURY,212519,"Fresh Veg, Onions, per kg",http://www.sainsburys.co.uk/shop/gb/groceries/fresh-fruit-veg/onions-leeks-garlic,onions ,0.0,"SAINSBURY'S SHALLOTS, SO ORGANIC 250G",£1.00/unit,1.0,£4.00 / 1 g,4.0,1,g,4000.0,kg,,
2015-11-04 09:44:20.665848,SAINSBURY,212519,"Fresh Veg, Onions, per kg",http://www.sainsburys.co.uk/shop/gb/groceries/fresh-fruit-veg/onions-leeks-garlic,onions ,0.0,"SAINSBURY'S SPRING ONION BUNCH, SO ORGANIC 100G",£0.85/unit,0.85,£0.85 / 100g,0.85,100,g,8.5,kg,,
2015-11-04 09:44:20.668279,SAINSBURY,212515,"Fresh Veg, Tomatoes, per kg",http://www.sainsburys.co.uk/shop/gb/groceries/fresh-fruit-veg/fresh-salad-tomatoes,tomatoes ,0.0,"SAINSBURY'S TOMATOES, BASICS 450G",£0.65/unit,0.65,£1.44 / 1 kg,1.44,1,kg,1.44,kg,,
2015-11-04 09:44:20.679835,SAINSBURY,310218,"Apple Cider, bottle, 4.5%-5.5% ABV",http://www.sainsburys.co.uk/shop/gb/groceries/drinks/cider,apple cider,0.0,MERRYDOWN FOX 500ML,£2.00/unit,2.0,£4.00 / 1 ltr,4.0,1,ltr,4.0,l,,
2015-11-04 09:44:20.684412,SAINSBURY,310218,"Apple Cider, bottle, 4.5%-5.5% ABV",http://www.sainsburys.co.uk/shop/gb/groceries/drinks/cider,apple cider,0.5,OLD MOUT CIDER KIWI & LIME 500ML,£2.00/unit,2.0,£4.00 / 1 ltr,4.0,1,ltr,4.0,l,Buy any 3 for £5.00,Buy any 3 for £5.00
2015-11-04 09:44:20.688958,SAINSBURY,310218,"Apple Cider, bottle, 4.5%-5.5% ABV",http://www.sainsburys.co.uk/shop/gb/groceries/drinks/cider,apple cider,1.0,OLD MOUT CIDER PASSIONFRUIT & APPLE 500ML,£2.00/unit,2.0,£4.00 / 1 ltr,4.0,1,ltr,4.0,l,Buy any 3 for £5.00,Buy any 3 for £5.00
2015-11-04 09:44:20.693417,SAINSBURY,210213,"Breakfast Cereal 1, sugar/chocolate coated",http://www.sainsburys.co.uk/shop/gb/groceries/food-cupboard/kids-cereals,,1.0,READY BREK CHOCOLATE PORRIDGE 6X32G,£2.00/unit,2.0,£1.04 / 100g,1.04,100,g,10.4,kg,,
2015-11-04 09:44:20.697341,SAINSBURY,210213,"Breakfast Cereal 1, sugar/chocolate coated",http://www.sainsburys.co.uk/shop/gb/groceries/food-cupboard/kids-cereals,,1.0,READY BREK ORIGINAL PORRIDGE 450G,£2.00/unit,2.0,£0.44 / 100g,0.44,100,g,4.4,kg,,
2015-11-04 09:44:20.701083,SAINSBURY,210213,"Breakfast Cereal 1, sugar/chocolate coated",http://www.sainsburys.co.uk/shop/gb/groceries/food-cupboard/kids-cereals,,1.0,READY BREK ORIGINAL PORRIDGE 8X30G,£2.00/unit,2.0,£0.83 / 100g,0.83,100,g,8.3,kg,,
2015-11-04 09:44:20.713354,SAINSBURY,212717,"Apples, dessert, per kg",http://www.sainsburys.co.uk/shop/gb/groceries/fresh-fruit-veg/apples-pears-rhubarb,apples ,1.0,SAINSBURY'S BRITISH ZARI APPLES X5,£1.00/unit,1.0,£1.00 / 1 kg,1.0,1,kg,1.0,kg,,
2015-11-04 09:44:20.716537,SAINSBURY,212717,"Apples, dessert, per kg",http://www.sainsburys.co.uk/shop/gb/groceries/fresh-fruit-veg/apples-pears-rhubarb,apples ,0.0,SAINSBURY'S COMICE PEARS LOOSE,£1.95/kg,1.95,£1.95 / 1 kg,1.95,1,kg,1.95,kg,,
2015-11-04 09:44:20.719520,SAINSBURY,212717,"Apples, dessert, per kg",http://www.sainsburys.co.uk/shop/gb/groceries/fresh-fruit-veg/apples-pears-rhubarb,apples ,0.0,SAINSBURY'S CONFERENCE PEARS LOOSE,£2.00/kg,2.0,£2.00 / 1 ea,2.0,1,ea,2.0,each,,
2015-11-04 09:44:20.722409,SAINSBURY,212717,"Apples, dessert, per kg",http://www.sainsburys.co.uk/shop/gb/groceries/fresh-fruit-veg/apples-pears-rhubarb,apples ,1.0,SAINSBURY'S COX APPLES LOOSE,£1.85/kg,1.85,£1.85 / 1 ea,1.85,1,ea,1.85,each,,
2015-11-04 09:44:20.725680,SAINSBURY,212017,Fizzy bottled drink,http://www.sainsburys.co.uk/shop/gb/groceries/drinks/fruit-flavoured,bottle,0.0,FANTA ORANGE SPARKLING DRINK 2L,£1.85/unit,1.85,£0.09 / 100ml,0.09,100,ml,0.9,l,,
2015-11-04 09:44:20.728711,SAINSBURY,212017,Fizzy bottled drink,http://www.sainsburys.co.uk/shop/gb/groceries/drinks/fruit-flavoured,bottle,0.0,FANTA ORANGE SPARKLING DRINK 500ML,£1.25/unit,1.25,£0.25 / 100ml,0.25,100,ml,2.5,l,Buy any 2 for £2.00,Buy any 2 for £2.00
2015-11-04 09:44:20.731748,SAINSBURY,212017,Fizzy bottled drink,http://www.sainsburys.co.uk/shop/gb/groceries/drinks/fruit-flavoured,bottle,0.0,FANTA ORANGE X6 330ML,£3.20/unit,3.2,£0.16 / 100ml,0.16,100,ml,1.6,l,Buy any 2 for £6.00,Buy any 2 for £6.00
2015-11-04 09:44:20.734655,SAINSBURY,212017,Fizzy bottled drink,http://www.sainsburys.co.uk/shop/gb/groceries/drinks/fruit-flavoured,bottle,0.0,FANTA ORANGE ZERO 6X330ML,£3.20/unit,3.2,£0.16 / 100ml,0.16,100,ml,1.6,l,Buy any 2 for £6.00,Buy any 2 for £6.00
2015-11-04 09:44:20.737201,SAINSBURY,212519,"Fresh Veg, Onions, per kg",http://www.sainsburys.co.uk/shop/gb/groceries/fresh-fruit-veg/onions-leeks-garlic,onions ,1.0,SAINSBURY'S SPRING ONIONS 165G,£1.25/unit,1.25,£0.76 / 100kg,0.76,100,kg,0.0076,kg,,
2015-11-04 09:44:20.749112,SAINSBURY,310218,"Apple Cider, bottle, 4.5%-5.5% ABV",http://www.sainsburys.co.uk/shop/gb/groceries/drinks/cider,apple cider,0.5,OLD MOUT CIDER SUMMER BERRIES 500ML,£2.00/unit,2.0,£4.00 / 1 ltr,4.0,1,ltr,4.0,l,Buy any 3 for £5.00,Buy any 3 for £5.00
2015-11-04 09:44:20.753401,SAINSBURY,310218,"Apple Cider, bottle, 4.5%-5.5% ABV",http://www.sainsburys.co.uk/shop/gb/groceries/drinks/cider,apple cider,0.0,OLD MOUT POMEGRANATE & STRAWBERRY 500ML,£2.00/unit,2.0,£4.00 / 1 ltr,4.0,1,ltr,4.0,l,Buy any 3 for £5.00,Buy any 3 for £5.00
2015-11-04 09:44:20.757605,SAINSBURY,310218,"Apple Cider, bottle, 4.5%-5.5% ABV",http://www.sainsburys.co.uk/shop/gb/groceries/drinks/cider,apple cider,0.5,REKORDERLIG MANGO & RASPBERRY CIDER 500ML,£2.00/unit,2.0,£4.00 / 1 ltr,4.0,1,ltr,4.0,l,Buy any 3 for £5.00,Buy any 3 for £5.00
2015-11-04 09:44:20.761631,SAINSBURY,210213,"Breakfast Cereal 1, sugar/chocolate coated",http://www.sainsburys.co.uk/shop/gb/groceries/food-cupboard/kids-cereals,,1.0,SAINSBURY'S CHOCO RICE POPS 600G,£1.95/unit,1.95,£0.33 / 100g,0.33,100,g,3.3,kg,,
2015-11-04 09:44:20.765169,SAINSBURY,210213,"Breakfast Cereal 1, sugar/chocolate coated",http://www.sainsburys.co.uk/shop/gb/groceries/food-cupboard/kids-cereals,,1.0,SAINSBURY'S FROSTED FLAKES CEREAL 500G,£1.60/unit,1.6,£0.32 / 100g,0.32,100,g,3.2,kg,,
2015-11-04 09:44:20.768569,SAINSBURY,210213,"Breakfast Cereal 1, sugar/chocolate coated",http://www.sainsburys.co.uk/shop/gb/groceries/food-cupboard/kids-cereals,,1.0,SAINSBURY'S FROSTED FLAKES CEREAL 750G,£1.95/unit,1.95,£0.26 / 100g,0.26,100,g,2.6,kg,,
2015-11-04 09:44:20.773237,SAINSBURY,212717,"Apples, dessert, per kg",http://www.sainsburys.co.uk/shop/gb/groceries/fresh-fruit-veg/apples-pears-rhubarb,apples ,1.0,SAINSBURY'S COX APPLES X5 (MINIMUM),£1.00/unit,1.0,£1.00 / 1 ea,1.0,1,ea,1.0,each,,
2015-11-04 09:44:20.775872,SAINSBURY,212717,"Apples, dessert, per kg",http://www.sainsburys.co.uk/shop/gb/groceries/fresh-fruit-veg/apples-pears-rhubarb,apples ,0.0,"SAINSBURY'S ENGLISH APPLES, SO ORGANIC X5 (MINIMUM)",£1.90/unit,1.9,£1.90 / 1 kg,1.9,1,kg,1.9,kg,,
2015-11-04 09:44:20.778341,SAINSBURY,212717,"Apples, dessert, per kg",http://www.sainsburys.co.uk/shop/gb/groceries/fresh-fruit-veg/apples-pears-rhubarb,apples ,0.0,"SAINSBURY'S FAMILY APPLE BAG X8 (MINIMUM, VARIETY & SIZE WILL VARY)",£1.50/unit,1.5,£1.50 / 1 kg,1.5,1,kg,1.5,kg,,
2015-11-04 09:44:20.780718,SAINSBURY,212717,"Apples, dessert, per kg",http://www.sainsburys.co.uk/shop/gb/groceries/fresh-fruit-veg/apples-pears-rhubarb,apples ,1.0,SAINSBURY'S GOLDEN DELICIOUS APPLES LOOSE,£2.00/kg,2.0,£2.00 / 1 kg,2.0,1,kg,2.0,kg,,
2015-11-04 09:44:20.783369,SAINSBURY,212017,Fizzy bottled drink,http://www.sainsburys.co.uk/shop/gb/groceries/drinks/fruit-flavoured,bottle,0.0,FIZZY VIMTO 500ML,£1.00/unit,1.0,£0.20 / 100ml,0.2,100,ml,2.0,l,Only £1.00: Save 15p,Only £1.00: Save 15p
2015-11-04 09:44:20.785923,SAINSBURY,212017,Fizzy bottled drink,http://www.sainsburys.co.uk/shop/gb/groceries/drinks/fruit-flavoured,bottle,0.0,IRN BRU 330MLX4,£1.90/unit,1.9,£0.14 / 100ml,0.14,100,ml,1.4,l,Buy any 2 for £3.00,Buy any 2 for £3.00
2015-11-04 09:44:20.788333,SAINSBURY,212017,Fizzy bottled drink,http://www.sainsburys.co.uk/shop/gb/groceries/drinks/fruit-flavoured,bottle,0.0,IRN BRU SUGAR FREE 4X330ML,£1.90/unit,1.9,£0.14 / 100ml,0.14,100,ml,1.4,l,Buy any 2 for £3.00,Buy any 2 for £3.00
2015-11-04 09:44:20.794771,SAINSBURY,310218,"Apple Cider, bottle, 4.5%-5.5% ABV",http://www.sainsburys.co.uk/shop/gb/groceries/drinks/cider,apple cider,0.5,REKORDERLIG PASSIONFRUIT CIDER 500ML,£2.00/unit,2.0,£4.00 / 1 ltr,4.0,1,ltr,4.0,l,Buy any 3 for £5.00,Buy any 3 for £5.00
2015-11-04 09:44:20.798766,SAINSBURY,310218,"Apple Cider, bottle, 4.5%-5.5% ABV",http://www.sainsburys.co.uk/shop/gb/groceries/drinks/cider,apple cider,0.5,REKORDERLIG STRAWBERRY & LIME CIDER 500ML,£2.00/unit,2.0,£4.00 / 1 ltr,4.0,1,ltr,4.0,l,Buy any 3 for £5.00,Buy any 3 for £5.00
2015-11-04 09:44:20.802542,SAINSBURY,310218,"Apple Cider, bottle, 4.5%-5.5% ABV",http://www.sainsburys.co.uk/shop/gb/groceries/drinks/cider,apple cider,0.5,REKORDERLIG WILD BERRIES CIDER 500ML,£2.00/unit,2.0,£4.00 / 1 ea,4.0,1,ea,4.0,each,Buy any 3 for £5.00,Buy any 3 for £5.00
2015-11-04 09:44:20.806197,SAINSBURY,210213,"Breakfast Cereal 1, sugar/chocolate coated",http://www.sainsburys.co.uk/shop/gb/groceries/food-cupboard/kids-cereals,,1.0,SAINSBURY'S GOLDEN SYRUP WHEATS 500G,£1.95/unit,1.95,£0.39 / 100g,0.39,100,g,3.9,kg,,
2015-11-04 09:44:20.809422,SAINSBURY,210213,"Breakfast Cereal 1, sugar/chocolate coated",http://www.sainsburys.co.uk/shop/gb/groceries/food-cupboard/kids-cereals,,1.0,SAINSBURY'S MULTIGRAIN BOULDERS 375G,£1.60/unit,1.6,£0.43 / 100g,0.43,100,g,4.3,kg,,
2015-11-04 09:44:20.812497,SAINSBURY,210213,"Breakfast Cereal 1, sugar/chocolate coated",http://www.sainsburys.co.uk/shop/gb/groceries/food-cupboard/kids-cereals,,1.0,SAINSBURY'S MULTIGRAIN HOOPLAS 375G,£1.60/unit,1.6,£0.43 / 100g,0.43,100,g,4.3,kg,,
2015-11-04 09:44:20.815454,SAINSBURY,210213,"Breakfast Cereal 1, sugar/chocolate coated",http://www.sainsburys.co.uk/shop/gb/groceries/food-cupboard/kids-cereals,,1.0,SAINSBURY'S READY OATS 500G,£1.50/unit,1.5,£0.30 / 100g,0.3,100,g,3.0,kg,,
2015-11-04 09:44:20.852141,SAINSBURY,310218,"Apple Cider, bottle, 4.5%-5.5% ABV",http://www.sainsburys.co.uk/shop/gb/groceries/drinks/cider,apple cider,0.5,REKORDERLIG WINTER CIDER 500ML,£2.00/unit,2.0,£4.00 / 1 ltr,4.0,1,ltr,4.0,l,Buy any 3 for £5.00,Buy any 3 for £5.00
2015-11-04 09:44:20.855724,SAINSBURY,310218,"Apple Cider, bottle, 4.5%-5.5% ABV",http://www.sainsburys.co.uk/shop/gb/groceries/drinks/cider,apple cider,0.5,REKORDERLIG WINTER CIDER BOTTLE & GLASS GIFT SET 500ML,£5.00/unit,5.0,£5.00 / 1 ltr,5.0,1,ltr,5.0,l,,
2015-11-04 09:44:20.859032,SAINSBURY,310218,"Apple Cider, bottle, 4.5%-5.5% ABV",http://www.sainsburys.co.uk/shop/gb/groceries/drinks/cider,apple cider,0.0,"SAINSBURY'S CIDER, BASICS 2L",£2.05/unit,2.05,£1.03 / 1 ltr,1.03,1,ltr,1.03,l,,
2015-11-04 09:44:20.861952,SAINSBURY,210213,"Breakfast Cereal 1, sugar/chocolate coated",http://www.sainsburys.co.uk/shop/gb/groceries/food-cupboard/kids-cereals,,1.0,SAINSBURY'S RICE POPS 440G,£1.60/unit,1.6,£0.36 / 100g,0.36,100,g,3.6,kg,,
2015-11-04 09:44:20.865577,SAINSBURY,210213,"Breakfast Cereal 1, sugar/chocolate coated",http://www.sainsburys.co.uk/shop/gb/groceries/food-cupboard/kids-cereals,,1.0,SAINSBURY'S RICE POPS 600G,£1.95/unit,1.95,£0.33 / 100g,0.33,100,g,3.3,kg,,
2015-11-04 09:44:20.868172,SAINSBURY,210213,"Breakfast Cereal 1, sugar/chocolate coated",http://www.sainsburys.co.uk/shop/gb/groceries/food-cupboard/kids-cereals,,1.0,SAINSBURY'S WHOLEGRAIN MALTIES CEREAL 750G,£1.90/unit,1.9,£0.25 / 100g,0.25,100,g,2.5,kg,,
2015-11-04 09:44:20.870650,SAINSBURY,210213,"Breakfast Cereal 1, sugar/chocolate coated",http://www.sainsburys.co.uk/shop/gb/groceries/food-cupboard/kids-cereals,,1.0,WEETABIX MINIS BANANA 600G,£2.50/unit,2.5,£0.42 / 100g,0.42,100,g,4.2,kg,,
2015-11-04 09:44:20.879188,SAINSBURY,212360,"Potatoes, old, white",http://www.sainsburys.co.uk/shop/gb/groceries/fresh-fruit-veg/potatoes,old white potatoes ,0.33,ALBERT BARTLETT ROOSTER POTATOES 2KG,£2.00/unit,2.0,£1.00 / 1 kg,1.0,1,kg,1.0,kg,Only £2.00: Save 50p,Only £2.00: Save 50p
2015-11-04 09:44:20.885510,SAINSBURY,212360,"Potatoes, old, white",http://www.sainsburys.co.uk/shop/gb/groceries/fresh-fruit-veg/potatoes,old white potatoes ,0.0,"SAINSBURY'S ANYA POTATOES, TASTE THE DIFFERENCE 750G",£1.50/unit,1.5,£2.00 / 1 kg,2.0,1,kg,2.0,kg,,
2015-11-04 09:44:20.889070,SAINSBURY,310218,"Apple Cider, bottle, 4.5%-5.5% ABV",http://www.sainsburys.co.uk/shop/gb/groceries/drinks/cider,apple cider,0.0,"SAINSBURY'S ELDERFLOWER CYDER, TASTE THE DIFFERENCE 330ML",£1.75/unit,1.75,£5.30 / 1 ltr,5.3,1,ltr,5.3,l,,
2015-11-04 09:44:20.892222,SAINSBURY,310218,"Apple Cider, bottle, 4.5%-5.5% ABV",http://www.sainsburys.co.uk/shop/gb/groceries/drinks/cider,apple cider,0.0,"SAINSBURY'S FRENCH SPARKLING CIDER, TASTE THE DIFFERENCE 50CL",£1.90/unit,1.9,£3.80 / 1 ltr,3.8,1,ltr,3.8,l,,
2015-11-04 09:44:20.895220,SAINSBURY,310218,"Apple Cider, bottle, 4.5%-5.5% ABV",http://www.sainsburys.co.uk/shop/gb/groceries/drinks/cider,apple cider,0.5,SAINSBURY'S LOW ALCOHOL CIDER 500ML,£1.10/unit,1.1,£2.20 / 1 ltr,2.2,1,ltr,2.2,l,,
2015-11-04 09:44:20.898098,SAINSBURY,310218,"Apple Cider, bottle, 4.5%-5.5% ABV",http://www.sainsburys.co.uk/shop/gb/groceries/drinks/cider,apple cider,0.5,SAINSBURY'S ORIGINAL DRY CIDER 2 L (5.3% ABV),£2.65/unit,2.65,£1.33 / 1 ltr,1.33,1,ltr,1.33,l,,
2015-11-04 09:44:20.900494,SAINSBURY,210213,"Breakfast Cereal 1, sugar/chocolate coated",http://www.sainsburys.co.uk/shop/gb/groceries/food-cupboard/kids-cereals,,1.0,WEETABIX MINIS CHOCOLATE 600G,£2.50/unit,2.5,£0.42 / 100g,0.42,100,g,4.2,kg,,
2015-11-04 09:44:20.913769,SAINSBURY,212360,"Potatoes, old, white",http://www.sainsburys.co.uk/shop/gb/groceries/fresh-fruit-veg/potatoes,old white potatoes ,0.33,SAINSBURY'S BABY POTATOES 1KG,£1.00/unit,1.0,£1.00 / 1 kg,1.0,1,kg,1.0,kg,,
2015-11-04 09:44:20.919626,SAINSBURY,212360,"Potatoes, old, white",http://www.sainsburys.co.uk/shop/gb/groceries/fresh-fruit-veg/potatoes,old white potatoes ,0.0,"SAINSBURY'S BABY SALAD POTATOES, SO ORGANIC 750G",£1.50/unit,1.5,£2.00 / 1 kg,2.0,1,kg,2.0,kg,,
2015-11-04 09:44:20.932327,SAINSBURY,310218,"Apple Cider, bottle, 4.5%-5.5% ABV",http://www.sainsburys.co.uk/shop/gb/groceries/drinks/cider,apple cider,0.5,SAINSBURY'S ORIGINAL DRY CIDER 4X440ML (5.3% ABV),£3.00/unit,3.0,£1.70 / 1 ltr,1.7,1,ltr,1.7,l,,
2015-11-04 09:44:20.935127,SAINSBURY,310218,"Apple Cider, bottle, 4.5%-5.5% ABV",http://www.sainsburys.co.uk/shop/gb/groceries/drinks/cider,apple cider,0.5,SAINSBURY'S PEAR CIDER 4.5% 2L,£3.00/unit,3.0,£1.50 / 1 ltr,1.5,1,ltr,1.5,l,,
2015-11-04 09:44:20.937766,SAINSBURY,310218,"Apple Cider, bottle, 4.5%-5.5% ABV",http://www.sainsburys.co.uk/shop/gb/groceries/drinks/cider,apple cider,0.0,"SAINSBURY'S SUFFOLK CYDER, TASTE THE DIFFERENCE 500ML",£1.90/unit,1.9,£3.80 / 1 ltr,3.8,1,ltr,3.8,l,,
2015-11-04 09:44:20.940331,SAINSBURY,310218,"Apple Cider, bottle, 4.5%-5.5% ABV",http://www.sainsburys.co.uk/shop/gb/groceries/drinks/cider,apple cider,0.5,SAINSBURY'S VINTAGE CIDER 75CL,£2.00/unit,2.0,£2.67 / 1 ltr,2.67,1,ltr,2.67,l,,
2015-11-04 09:44:20.946295,SAINSBURY,212360,"Potatoes, old, white",http://www.sainsburys.co.uk/shop/gb/groceries/fresh-fruit-veg/potatoes,old white potatoes ,0.33,SAINSBURY'S BAKING POTATOES (LOOSE),£1.20/kg,1.2,£1.20 / 1 kg,1.2,1,kg,1.2,kg,,
2015-11-04 09:44:20.951808,SAINSBURY,212360,"Potatoes, old, white",http://www.sainsburys.co.uk/shop/gb/groceries/fresh-fruit-veg/potatoes,old white potatoes ,0.33,SAINSBURY'S BAKING POTATOES 2.5KG,£2.00/unit,2.0,£0.80 / 1 g,0.8,1,g,800.0,kg,,
2015-11-04 09:44:20.957088,SAINSBURY,310218,"Apple Cider, bottle, 4.5%-5.5% ABV",http://www.sainsburys.co.uk/shop/gb/groceries/drinks/cider,apple cider,0.5,SAVANNA DRY CIDER 500ML,£2.00/unit,2.0,£4.00 / 1 ltr,4.0,1,ltr,4.0,l,,
2015-11-04 09:44:20.959408,SAINSBURY,310218,"Apple Cider, bottle, 4.5%-5.5% ABV",http://www.sainsburys.co.uk/shop/gb/groceries/drinks/cider,apple cider,0.0,SCRUMPY JACK 4X440ML,£4.50/unit,4.5,£2.56 / 1 ltr,2.56,1,ltr,2.56,l,,
2015-11-04 09:44:20.999095,SAINSBURY,212360,"Potatoes, old, white",http://www.sainsburys.co.uk/shop/gb/groceries/fresh-fruit-veg/potatoes,old white potatoes ,0.33,SAINSBURY'S BAKING POTATOES X4,£1.00/unit,1.0,£1.43 / 1 kg,1.43,1,kg,1.43,kg,,
2015-11-04 09:44:21.004670,SAINSBURY,212360,"Potatoes, old, white",http://www.sainsburys.co.uk/shop/gb/groceries/fresh-fruit-veg/potatoes,old white potatoes ,0.33,SAINSBURY'S BAKING SWEET POTATOES X2,£1.00/unit,1.0,£1.82 / 1 kg,1.82,1,kg,1.82,kg,,
2015-11-04 09:44:21.027192,SAINSBURY,210214,"Breakfast Cereal 2, NOT sugar/chocolate coated",http://www.sainsburys.co.uk/shop/gb/groceries/food-cupboard/healthier-cereals,,1.0,NESTLE SHREDDED WHEAT BITESIZE 500G,£2.50/unit,2.5,£0.50 / 100g,0.5,100,g,5.0,kg,,
2015-11-04 09:44:21.038094,SAINSBURY,212720,"Strawberries, per kg or per punnet",http://www.sainsburys.co.uk/shop/gb/groceries/fresh-fruit-veg/berries-cherries-currants,strawberries ,0.0,"SAINSBURY'S BLACKBERRIES, SWEET 150G",£2.00/unit,2.0,£13.33 / 1 kg,13.33,1,kg,13.33,kg,,
2015-11-04 09:44:21.056567,SAINSBURY,212360,"Potatoes, old, white",http://www.sainsburys.co.uk/shop/gb/groceries/fresh-fruit-veg/potatoes,old white potatoes ,0.0,SAINSBURY'S BUTTERY POTATO MASH 450G,£1.00/unit,1.0,£2.22 / 1 kg,2.22,1,kg,2.22,kg,Only £1.00: Save 20p,Only £1.00: Save 20p
2015-11-04 09:44:21.061701,SAINSBURY,212360,"Potatoes, old, white",http://www.sainsburys.co.uk/shop/gb/groceries/fresh-fruit-veg/potatoes,old white potatoes ,0.33,SAINSBURY'S CHARLOTTE POTATOES 1KG,£1.00/unit,1.0,£1.00 / 1 kg,1.0,1,kg,1.0,kg,,
2015-11-04 09:44:21.067750,SAINSBURY,210214,"Breakfast Cereal 2, NOT sugar/chocolate coated",http://www.sainsburys.co.uk/shop/gb/groceries/food-cupboard/healthier-cereals,,1.0,NESTLE SHREDDED WHEAT BITESIZE 750G,£3.20/unit,3.2,£0.43 / 100g,0.43,100,g,4.3,kg,,
2015-11-04 09:44:21.073238,SAINSBURY,210214,"Breakfast Cereal 2, NOT sugar/chocolate coated",http://www.sainsburys.co.uk/shop/gb/groceries/food-cupboard/healthier-cereals,,1.0,OATIBIX FLAKES 550G,£2.70/unit,2.7,£0.49 / 100g,0.49,100,g,4.9,kg,,
2015-11-04 09:44:21.076450,SAINSBURY,212720,"Strawberries, per kg or per punnet",http://www.sainsburys.co.uk/shop/gb/groceries/fresh-fruit-veg/berries-cherries-currants,strawberries ,0.0,"SAINSBURY'S BLACKBERRIES, TANGY 150G",£2.00/unit,2.0,£13.33 / 1 kg,13.33,1,kg,13.33,kg,,
2015-11-04 09:44:21.079409,SAINSBURY,212720,"Strawberries, per kg or per punnet",http://www.sainsburys.co.uk/shop/gb/groceries/fresh-fruit-veg/berries-cherries-currants,strawberries ,0.0,SAINSBURY'S BLUEBERRIES 150G,£2.00/unit,2.0,£13.33 / 1 kg,13.33,1,kg,13.33,kg,,
2015-11-04 09:44:21.082238,SAINSBURY,212720,"Strawberries, per kg or per punnet",http://www.sainsburys.co.uk/shop/gb/groceries/fresh-fruit-veg/berries-cherries-currants,strawberries ,0.0,"SAINSBURY'S BLUEBERRIES, SO ORGANIC 150G",£3.00/unit,3.0,£20.00 / 1 kg,20.0,1,kg,20.0,kg,,
2015-11-04 09:44:21.084913,SAINSBURY,212720,"Strawberries, per kg or per punnet",http://www.sainsburys.co.uk/shop/gb/groceries/fresh-fruit-veg/berries-cherries-currants,strawberries ,0.0,SAINSBURY'S CRANBERRIES 300G,£2.00/unit,2.0,£6.67 / 1 kg,6.67,1,kg,6.67,kg,,
2015-11-04 09:44:21.091574,SAINSBURY,212360,"Potatoes, old, white",http://www.sainsburys.co.uk/shop/gb/groceries/fresh-fruit-veg/potatoes,old white potatoes ,0.0,"SAINSBURY'S CHUNKY CHIPS, TASTE THE DIFFERENCE 400G",£2.00/unit,2.0,£5.00 / 1 kg,5.0,1,kg,5.0,kg,,
2015-11-04 09:44:21.096422,SAINSBURY,212360,"Potatoes, old, white",http://www.sainsburys.co.uk/shop/gb/groceries/fresh-fruit-veg/potatoes,old white potatoes ,0.33,SAINSBURY'S DESIREE POTATOES 2.5KG,£2.00/unit,2.0,£0.80 / 1 kg,0.8,1,kg,0.8,kg,,
2015-11-04 09:44:21.100996,SAINSBURY,212360,"Potatoes, old, white",http://www.sainsburys.co.uk/shop/gb/groceries/fresh-fruit-veg/potatoes,old white potatoes ,0.0,"SAINSBURY'S GEM POTATOES, TASTE THE DIFFERENCE 1KG",£2.00/unit,2.0,£2.00 / 1 kg,2.0,1,kg,2.0,kg,,
2015-11-04 09:44:21.106620,SAINSBURY,210214,"Breakfast Cereal 2, NOT sugar/chocolate coated",http://www.sainsburys.co.uk/shop/gb/groceries/food-cupboard/healthier-cereals,,1.0,QUAKER OATS OAT GRANOLA APPLE & CINNAMON 550G,£2.70/unit,2.7,£0.49 / 100g,0.49,100,g,4.9,kg,,
2015-11-04 09:44:21.112008,SAINSBURY,210214,"Breakfast Cereal 2, NOT sugar/chocolate coated",http://www.sainsburys.co.uk/shop/gb/groceries/food-cupboard/healthier-cereals,,1.0,QUAKER OATS OAT GRANOLA HONEY & ALMOND 550G,£2.70/unit,2.7,£0.49 / 100g,0.49,100,g,4.9,kg,,
2015-11-04 09:44:21.114704,SAINSBURY,212720,"Strawberries, per kg or per punnet",http://www.sainsburys.co.uk/shop/gb/groceries/fresh-fruit-veg/berries-cherries-currants,strawberries ,0.0,SAINSBURY'S MIXED BERRIES 300G,£3.75/unit,3.75,£12.50 / 1 ml,12.5,1,ml,12500.0,l,,
2015-11-04 09:44:21.117218,SAINSBURY,212720,"Strawberries, per kg or per punnet",http://www.sainsburys.co.uk/shop/gb/groceries/fresh-fruit-veg/berries-cherries-currants,strawberries ,0.0,"SAINSBURY'S RASPBERRIES, 150G",£2.00/unit,2.0,£13.33 / 1 kg,13.33,1,kg,13.33,kg,,
2015-11-04 09:44:21.149667,SAINSBURY,212360,"Potatoes, old, white",http://www.sainsburys.co.uk/shop/gb/groceries/fresh-fruit-veg/potatoes,old white potatoes ,0.33,SAINSBURY'S KING EDWARD POTATOES 2.5KG,£2.00/unit,2.0,£0.80 / 1 kg,0.8,1,kg,0.8,kg,,
2015-11-04 09:44:21.153798,SAINSBURY,212360,"Potatoes, old, white",http://www.sainsburys.co.uk/shop/gb/groceries/fresh-fruit-veg/potatoes,old white potatoes ,0.0,"SAINSBURY'S LADY BALFOUR BAKING POTATOES, SO ORGANIC 2KG",£3.00/unit,3.0,£1.50 / 1 kg,1.5,1,kg,1.5,kg,,
2015-11-04 09:44:21.157707,SAINSBURY,212360,"Potatoes, old, white",http://www.sainsburys.co.uk/shop/gb/groceries/fresh-fruit-veg/potatoes,old white potatoes ,0.0,"SAINSBURY'S LADY BALFOUR BAKING POTATOES, SO ORGANIC X4",£1.75/unit,1.75,£2.50 / 1 kg,2.5,1,kg,2.5,kg,,
2015-11-04 09:44:21.163506,SAINSBURY,210214,"Breakfast Cereal 2, NOT sugar/chocolate coated",http://www.sainsburys.co.uk/shop/gb/groceries/food-cupboard/healthier-cereals,,1.0,QUAKER OATS OAT GRANOLA RAISIN 550G,£2.70/unit,2.7,£0.49 / 100g,0.49,100,g,4.9,kg,,
2015-11-04 09:44:21.168570,SAINSBURY,210214,"Breakfast Cereal 2, NOT sugar/chocolate coated",http://www.sainsburys.co.uk/shop/gb/groceries/food-cupboard/healthier-cereals,,1.0,QUAKER OATS WHOLESOME CRUNCH GRANOLA GOJI & BLUEBERRY 550G,£3.90/unit,3.9,£0.71 / 100g,0.71,100,g,7.1,kg,,
2015-11-04 09:44:21.176537,SAINSBURY,310207,"Bitter, 4 cans, 3.4%-7.5% ABV",http://www.sainsburys.co.uk/shop/gb/groceries/drinks/ale-stout,bitter,0.0,BREWDOG PUNK IPA 660ML (6% ABV),£2.50/unit,2.5,£3.79 / 1 ltr,3.79,1,ltr,3.79,l,,
2015-11-04 09:44:21.181952,SAINSBURY,310207,"Bitter, 4 cans, 3.4%-7.5% ABV",http://www.sainsburys.co.uk/shop/gb/groceries/drinks/ale-stout,bitter,1.0,BUTCOMBE BREWERY ORIGINAL BITTER 500ML,£2.00/unit,2.0,£4.00 / 1 ltr,4.0,1,ltr,4.0,l,,
2015-11-04 09:44:21.188423,SAINSBURY,212360,"Potatoes, old, white",http://www.sainsburys.co.uk/shop/gb/groceries/fresh-fruit-veg/potatoes,old white potatoes ,0.0,"SAINSBURY'S LOOSE NEW POTATOES, TASTE THE DIFFERENCE",£3.00/kg,3.0,£3.00 / 1 kg,3.0,1,kg,3.0,kg,,
2015-11-04 09:44:21.192126,SAINSBURY,212360,"Potatoes, old, white",http://www.sainsburys.co.uk/shop/gb/groceries/fresh-fruit-veg/potatoes,old white potatoes ,0.33,SAINSBURY'S MARIS PIPER POTATOES 2.5KG,£2.00/unit,2.0,£0.80 / 1 kg,0.8,1,kg,0.8,kg,,
2015-11-04 09:44:21.195465,SAINSBURY,212360,"Potatoes, old, white",http://www.sainsburys.co.uk/shop/gb/groceries/fresh-fruit-veg/potatoes,old white potatoes ,0.0,SAINSBURY'S MASHED POTATO 400G,£1.00/unit,1.0,£2.50 / 1 kg,2.5,1,kg,2.5,kg,,
2015-11-04 09:44:21.200351,SAINSBURY,210214,"Breakfast Cereal 2, NOT sugar/chocolate coated",http://www.sainsburys.co.uk/shop/gb/groceries/food-cupboard/healthier-cereals,,1.0,QUAKER OATS WHOLESOME CRUNCH GRANOLA PECAN & BRAZIL NUTS 550G,£3.90/unit,3.9,£0.71 / 100g,0.71,100,g,7.1,kg,,
2015-11-04 09:44:21.205020,SAINSBURY,210214,"Breakfast Cereal 2, NOT sugar/chocolate coated",http://www.sainsburys.co.uk/shop/gb/groceries/food-cupboard/healthier-cereals,,1.0,SAINSBURY'S BALANCE 500G,£2.00/unit,2.0,£0.40 / 100g,0.4,100,g,4.0,kg,,
2015-11-04 09:44:21.209581,SAINSBURY,210214,"Breakfast Cereal 2, NOT sugar/chocolate coated",http://www.sainsburys.co.uk/shop/gb/groceries/food-cupboard/healthier-cereals,,1.0,SAINSBURY'S BALANCE PEACH & APRICOT 375G,£2.00/unit,2.0,£0.53 / 100g,0.53,100,g,5.3,kg,,
2015-11-04 09:44:21.215413,SAINSBURY,310207,"Bitter, 4 cans, 3.4%-7.5% ABV",http://www.sainsburys.co.uk/shop/gb/groceries/drinks/ale-stout,bitter,0.0,CLASSIC ALES MIXED PACK X6 500ML,£8.00/unit,8.0,£2.67 / 1 ltr,2.67,1,ltr,2.67,l,Only £8.00: Save £1.50,Only £8.00: Save £1.50
2015-11-04 09:44:21.220959,SAINSBURY,310207,"Bitter, 4 cans, 3.4%-7.5% ABV",http://www.sainsburys.co.uk/shop/gb/groceries/drinks/ale-stout,bitter,0.0,COURAGE DIRECTORS PREMIUM ALE 500ML,£2.00/unit,2.0,£4.00 / 1 ltr,4.0,1,ltr,4.0,l,,
2015-11-04 09:44:21.241116,SAINSBURY,212360,"Potatoes, old, white",http://www.sainsburys.co.uk/shop/gb/groceries/fresh-fruit-veg/potatoes,old white potatoes ,0.0,"SAINSBURY'S MASHING POTATOES, TASTE THE DIFFERENCE 1.5KG",£1.50/unit,1.5,£1.00 / 1 kg,1.0,1,kg,1.0,kg,,
2015-11-04 09:44:21.244386,SAINSBURY,212360,"Potatoes, old, white",http://www.sainsburys.co.uk/shop/gb/groceries/fresh-fruit-veg/potatoes,old white potatoes ,0.33,SAINSBURY'S MINI POTATOES 750G,£1.20/unit,1.2,£1.60 / 1 kg,1.6,1,kg,1.6,kg,,
2015-11-04 09:44:21.247430,SAINSBURY,212360,"Potatoes, old, white",http://www.sainsburys.co.uk/shop/gb/groceries/fresh-fruit-veg/potatoes,old white potatoes ,0.33,SAINSBURY'S POTATOES 7.5KG,£4.00/unit,4.0,£0.53 / 1 kg,0.53,1,kg,0.53,kg,,
2015-11-04 09:44:21.250325,SAINSBURY,212360,"Potatoes, old, white",http://www.sainsburys.co.uk/shop/gb/groceries/fresh-fruit-veg/potatoes,old white potatoes ,0.0,"SAINSBURY'S POTATOES, BASICS 4KG",£1.90/unit,1.9,£0.48 / 1 kg,0.48,1,kg,0.48,kg,,
2015-11-04 09:44:21.255021,SAINSBURY,210214,"Breakfast Cereal 2, NOT sugar/chocolate coated",http://www.sainsburys.co.uk/shop/gb/groceries/food-cupboard/healthier-cereals,,1.0,SAINSBURY'S BALANCE WITH RED FRUIT 375G,£2.00/unit,2.0,£0.53 / 100g,0.53,100,g,5.3,kg,,
2015-11-04 09:44:21.259362,SAINSBURY,210214,"Breakfast Cereal 2, NOT sugar/chocolate coated",http://www.sainsburys.co.uk/shop/gb/groceries/food-cupboard/healthier-cereals,,1.0,SAINSBURY'S HIGH FIBRE BRAN 500G,£1.25/unit,1.25,£0.25 / 100g,0.25,100,g,2.5,kg,,
2015-11-04 09:44:21.263858,SAINSBURY,210214,"Breakfast Cereal 2, NOT sugar/chocolate coated",http://www.sainsburys.co.uk/shop/gb/groceries/food-cupboard/healthier-cereals,,1.0,SAINSBURY'S LIGHTER GRANOLA RAISIN & ALMOND 1KG,£2.00/unit,2.0,£0.20 / 100g,0.2,100,g,2.0,kg,,
2015-11-04 09:44:21.269313,SAINSBURY,310207,"Bitter, 4 cans, 3.4%-7.5% ABV",http://www.sainsburys.co.uk/shop/gb/groceries/drinks/ale-stout,bitter,0.0,DUVEL BELGIAN GOLDEN ALE 330ML (GLASS NOT INCLUDED),£1.75/unit,1.75,£5.30 / 1 ltr,5.3,1,ltr,5.3,l,,
2015-11-04 09:44:21.274372,SAINSBURY,310207,"Bitter, 4 cans, 3.4%-7.5% ABV",http://www.sainsburys.co.uk/shop/gb/groceries/drinks/ale-stout,bitter,0.0,ERDINGER WEISBRAU LOW ALCOHOL ALE 500ML,£1.10/unit,1.1,£2.20 / 1 ltr,2.2,1,ltr,2.2,l,,
2015-11-04 09:44:21.282120,SAINSBURY,211501,"Cheese Cheddar, home produced, per kg",http://www.sainsburys.co.uk/shop/gb/groceries/dairy-eggs-chilled/cheddar-british-regional-cheese,british cheddar ,0.0,LACTOFREE CHEESE 200G,£1.80/unit,1.8,£9.00 / 1 kg,9.0,1,kg,9.0,kg,,
2015-11-04 09:44:21.287883,SAINSBURY,211501,"Cheese Cheddar, home produced, per kg",http://www.sainsburys.co.uk/shop/gb/groceries/dairy-eggs-chilled/cheddar-british-regional-cheese,british cheddar ,0.5,LACTOFREE MATURE CHEDDAR 200G,£1.80/unit,1.8,£9.00 / 1 kg,9.0,1,kg,9.0,kg,,
2015-11-04 09:44:21.291123,SAINSBURY,212360,"Potatoes, old, white",http://www.sainsburys.co.uk/shop/gb/groceries/fresh-fruit-veg/potatoes,old white potatoes ,0.33,SAINSBURY'S PREPARED BABY POTATOES WITH SEASONED BUTTER 385G,£1.00/unit,1.0,£2.60 / 1 kg,2.6,1,kg,2.6,kg,,
2015-11-04 09:44:21.293941,SAINSBURY,212360,"Potatoes, old, white",http://www.sainsburys.co.uk/shop/gb/groceries/fresh-fruit-veg/potatoes,old white potatoes ,0.33,"SAINSBURY'S READY TO ROAST DICED POTATOES WITH GARLIC, HERBS & ROSEMARY BUTTER 400G",£1.50/unit,1.5,£3.75 / 1 kg,3.75,1,kg,3.75,kg,,
2015-11-04 09:44:21.296631,SAINSBURY,212360,"Potatoes, old, white",http://www.sainsburys.co.uk/shop/gb/groceries/fresh-fruit-veg/potatoes,old white potatoes ,0.33,SAINSBURY'S READY TO ROAST MINI JACKET POTATOES WITH ROASTED GARLIC BUTTER 475G,£2.00/unit,2.0,£4.21 / 1 kg,4.21,1,kg,4.21,kg,,
2015-11-04 09:44:21.299162,SAINSBURY,212360,"Potatoes, old, white",http://www.sainsburys.co.uk/shop/gb/groceries/fresh-fruit-veg/potatoes,old white potatoes ,0.33,SAINSBURY'S READY TO ROAST POTATOES 800G,£2.50/unit,2.5,£3.13 / 1 kg,3.13,1,kg,3.13,kg,,
2015-11-04 09:44:21.303496,SAINSBURY,210214,"Breakfast Cereal 2, NOT sugar/chocolate coated",http://www.sainsburys.co.uk/shop/gb/groceries/food-cupboard/healthier-cereals,,1.0,SAINSBURY'S MULTIGRAIN FLAKES & FRUIT 500G,£2.00/unit,2.0,£0.40 / 100g,0.4,100,g,4.0,kg,,
2015-11-04 09:44:21.307461,SAINSBURY,210214,"Breakfast Cereal 2, NOT sugar/chocolate coated",http://www.sainsburys.co.uk/shop/gb/groceries/food-cupboard/healthier-cereals,,1.0,SAINSBURY'S WHOLEGRAIN APRICOT WHEATS 500G,£1.95/unit,1.95,£0.39 / 100g,0.39,100,g,3.9,kg,,
2015-11-04 09:44:21.311273,SAINSBURY,210214,"Breakfast Cereal 2, NOT sugar/chocolate coated",http://www.sainsburys.co.uk/shop/gb/groceries/food-cupboard/healthier-cereals,,1.0,SAINSBURY'S WHOLEGRAIN BLUEBERRY WHEATS 500G,£1.95/unit,1.95,£0.39 / 100g,0.39,100,g,3.9,kg,,
2015-11-04 09:44:21.316371,SAINSBURY,310207,"Bitter, 4 cans, 3.4%-7.5% ABV",http://www.sainsburys.co.uk/shop/gb/groceries/drinks/ale-stout,bitter,0.0,ERDINGER WEISSBIER WHEAT BEER 500ML (5.3%),£2.00/unit,2.0,£4.00 / 1 ltr,4.0,1,ltr,4.0,l,Buy any 3 for £5.00,Buy any 3 for £5.00
2015-11-04 09:44:21.321248,SAINSBURY,310207,"Bitter, 4 cans, 3.4%-7.5% ABV",http://www.sainsburys.co.uk/shop/gb/groceries/drinks/ale-stout,bitter,0.0,FRANZISKANER 500ML,£2.00/unit,2.0,£4.00 / 1 ltr,4.0,1,ltr,4.0,l,Buy any 3 for £5.00,Buy any 3 for £5.00
2015-11-04 09:44:21.326846,SAINSBURY,211501,"Cheese Cheddar, home produced, per kg",http://www.sainsburys.co.uk/shop/gb/groceries/dairy-eggs-chilled/cheddar-british-regional-cheese,british cheddar ,0.5,LO-COL MATURE CHEDDAR 195G,£2.30/unit,2.3,£11.79 / 1 kg,11.79,1,kg,11.79,kg,,
2015-11-04 09:44:21.332246,SAINSBURY,211501,"Cheese Cheddar, home produced, per kg",http://www.sainsburys.co.uk/shop/gb/groceries/dairy-eggs-chilled/cheddar-british-regional-cheese,british cheddar ,0.5,MARMITE CHEDDAR BITES 100G,£1.30/unit,1.3,£13.00 / 1 kg,13.0,1,kg,13.0,kg,,
2015-11-04 09:44:21.335605,SAINSBURY,212360,"Potatoes, old, white",http://www.sainsburys.co.uk/shop/gb/groceries/fresh-fruit-veg/potatoes,old white potatoes ,0.33,SAINSBURY'S ROAST POTATOES 400G,£1.50/unit,1.5,£3.75 / 1 kg,3.75,1,kg,3.75,kg,,
2015-11-04 09:44:21.348055,SAINSBURY,210214,"Breakfast Cereal 2, NOT sugar/chocolate coated",http://www.sainsburys.co.uk/shop/gb/groceries/food-cupboard/healthier-cereals,,1.0,SAINSBURY'S WHOLEGRAIN BRAN FLAKES 1KG,£1.95/unit,1.95,£0.20 / 100g,0.2,100,g,2.0,kg,,
2015-11-04 09:44:21.351714,SAINSBURY,210214,"Breakfast Cereal 2, NOT sugar/chocolate coated",http://www.sainsburys.co.uk/shop/gb/groceries/food-cupboard/healthier-cereals,,1.0,SAINSBURY'S WHOLEGRAIN BRAN FLAKES 500G,£1.40/unit,1.4,£0.28 / 100g,0.28,100,g,2.8,kg,,
2015-11-04 09:44:21.355275,SAINSBURY,210214,"Breakfast Cereal 2, NOT sugar/chocolate coated",http://www.sainsburys.co.uk/shop/gb/groceries/food-cupboard/healthier-cereals,,1.0,SAINSBURY'S WHOLEGRAIN FRUIT & FIBRE 1KG,£2.50/unit,2.5,£0.25 / 100g,0.25,100,g,2.5,kg,,
2015-11-04 09:44:21.359992,SAINSBURY,310207,"Bitter, 4 cans, 3.4%-7.5% ABV",http://www.sainsburys.co.uk/shop/gb/groceries/drinks/ale-stout,bitter,0.0,FULLER'S 1845 BOTTLE CONDITIONED ALE 500ML,£2.00/unit,2.0,£4.00 / 1 ltr,4.0,1,ltr,4.0,l,,
2015-11-04 09:44:21.364512,SAINSBURY,310207,"Bitter, 4 cans, 3.4%-7.5% ABV",http://www.sainsburys.co.uk/shop/gb/groceries/drinks/ale-stout,bitter,0.0,FULLER'S BENGAL LANCER IPA 500ML (5.3% ABV),£2.00/unit,2.0,£4.00 / 1 ltr,4.0,1,ltr,4.0,l,Buy any 3 for £5.00,Buy any 3 for £5.00
2015-11-04 09:44:21.369178,SAINSBURY,310207,"Bitter, 4 cans, 3.4%-7.5% ABV",http://www.sainsburys.co.uk/shop/gb/groceries/drinks/ale-stout,bitter,1.0,FULLER'S ESB BITTER 500ML,£2.00/unit,2.0,£4.00 / 1 ltr,4.0,1,ltr,4.0,l,Buy any 3 for £5.00,Buy any 3 for £5.00
2015-11-04 09:44:21.374826,SAINSBURY,211501,"Cheese Cheddar, home produced, per kg",http://www.sainsburys.co.uk/shop/gb/groceries/dairy-eggs-chilled/cheddar-british-regional-cheese,british cheddar ,0.5,PILGRIMS CHOICE EXTRA MATURE CHEDDAR 350G,£3.50/unit,3.5,£10.00 / 1 kg,10.0,1,kg,10.0,kg,,
2015-11-04 09:44:21.381798,SAINSBURY,211501,"Cheese Cheddar, home produced, per kg",http://www.sainsburys.co.uk/shop/gb/groceries/dairy-eggs-chilled/cheddar-british-regional-cheese,british cheddar ,0.5,PILGRIMS CHOICE MATURE CHEDDAR 350G,£3.50/unit,3.5,£10.00 / 1 kg,10.0,1,kg,10.0,kg,,
2015-11-04 09:44:21.386132,SAINSBURY,210214,"Breakfast Cereal 2, NOT sugar/chocolate coated",http://www.sainsburys.co.uk/shop/gb/groceries/food-cupboard/healthier-cereals,,1.0,SAINSBURY'S WHOLEGRAIN FRUIT & FIBRE 500G,£1.60/unit,1.6,£0.32 / 100g,0.32,100,g,3.2,kg,,
2015-11-04 09:44:21.389624,SAINSBURY,210214,"Breakfast Cereal 2, NOT sugar/chocolate coated",http://www.sainsburys.co.uk/shop/gb/groceries/food-cupboard/healthier-cereals,,1.0,SAINSBURY'S WHOLEGRAIN MINI WHEATS 500G,£1.95/unit,1.95,£0.39 / 100g,0.39,100,g,3.9,kg,,
2015-11-04 09:44:21.392906,SAINSBURY,210214,"Breakfast Cereal 2, NOT sugar/chocolate coated",http://www.sainsburys.co.uk/shop/gb/groceries/food-cupboard/healthier-cereals,,1.0,SAINSBURY'S WHOLEGRAIN RAISIN WHEATS 500G,£1.95/unit,1.95,£0.39 / 100g,0.39,100,g,3.9,kg,,
2015-11-04 09:44:21.397795,SAINSBURY,310207,"Bitter, 4 cans, 3.4%-7.5% ABV",http://www.sainsburys.co.uk/shop/gb/groceries/drinks/ale-stout,bitter,0.0,FULLER'S GOLDEN PRIDE 500ML (8.5% ABV),£2.50/unit,2.5,£5.00 / 1 ltr,5.0,1,ltr,5.0,l,,
2015-11-04 09:44:21.402127,SAINSBURY,310207,"Bitter, 4 cans, 3.4%-7.5% ABV",http://www.sainsburys.co.uk/shop/gb/groceries/drinks/ale-stout,bitter,0.0,FULLER'S LONDON PORTER 500ML,£2.00/unit,2.0,£4.00 / 1 ltr,4.0,1,ltr,4.0,l,,
2015-11-04 09:44:21.406262,SAINSBURY,310207,"Bitter, 4 cans, 3.4%-7.5% ABV",http://www.sainsburys.co.uk/shop/gb/groceries/drinks/ale-stout,bitter,0.0,FULLER'S LONDON PRIDE ALE 12X330ML,£12.00/unit,12.0,£3.03 / 1 ltr,3.03,1,ltr,3.03,l,,
2015-11-04 09:44:21.411708,SAINSBURY,211501,"Cheese Cheddar, home produced, per kg",http://www.sainsburys.co.uk/shop/gb/groceries/dairy-eggs-chilled/cheddar-british-regional-cheese,british cheddar ,0.5,PILGRIMS CHOICE MATURE CHEDDAR SLICES 140G,£1.50/unit,1.5,£10.71 / 1 kg,10.71,1,kg,10.71,kg,,
2015-11-04 09:44:21.416908,SAINSBURY,211501,"Cheese Cheddar, home produced, per kg",http://www.sainsburys.co.uk/shop/gb/groceries/dairy-eggs-chilled/cheddar-british-regional-cheese,british cheddar ,0.5,PILGRIMS CHOICE MATURE GRATED CHEDDAR 150G,£1.50/unit,1.5,£10.00 / 1 kg,10.0,1,kg,10.0,kg,,
2015-11-04 09:44:21.422375,SAINSBURY,210214,"Breakfast Cereal 2, NOT sugar/chocolate coated",http://www.sainsburys.co.uk/shop/gb/groceries/food-cupboard/healthier-cereals,,1.0,SAINSBURY'S WHOLEGRAIN RED CHERRY WHEATS 500G,£1.95/unit,1.95,£0.39 / 100g,0.39,100,g,3.9,kg,,
2015-11-04 09:44:21.425481,SAINSBURY,210214,"Breakfast Cereal 2, NOT sugar/chocolate coated",http://www.sainsburys.co.uk/shop/gb/groceries/food-cupboard/healthier-cereals,,1.0,SAINSBURY'S WHOLEGRAIN SULTANA BRAN 750G,£2.00/unit,2.0,£0.27 / 100bisc,0.27,100,bisc,0.0,unknown,,
2015-11-04 09:44:21.428591,SAINSBURY,210214,"Breakfast Cereal 2, NOT sugar/chocolate coated",http://www.sainsburys.co.uk/shop/gb/groceries/food-cupboard/healthier-cereals,,1.0,SHARPHAM PARK BRAN FLAKES 375G,£3.00/unit,3.0,£0.80 / 100bisc,0.8,100,bisc,0.0,unknown,,
2015-11-04 09:44:21.433005,SAINSBURY,310207,"Bitter, 4 cans, 3.4%-7.5% ABV",http://www.sainsburys.co.uk/shop/gb/groceries/drinks/ale-stout,bitter,0.0,FULLER'S LONDON PRIDE ALE 4X500ML,£5.00/unit,5.0,£2.50 / 1 ltr,2.5,1,ltr,2.5,l,Only £5.00: Save £1.00,Only £5.00: Save £1.00
2015-11-04 09:44:21.437047,SAINSBURY,310207,"Bitter, 4 cans, 3.4%-7.5% ABV",http://www.sainsburys.co.uk/shop/gb/groceries/drinks/ale-stout,bitter,0.0,FULLER'S LONDON PRIDE ALE 4X500ML,£5.50/unit,5.5,£2.75 / 1 ltr,2.75,1,ltr,2.75,l,,
2015-11-04 09:44:21.441163,SAINSBURY,310207,"Bitter, 4 cans, 3.4%-7.5% ABV",http://www.sainsburys.co.uk/shop/gb/groceries/drinks/ale-stout,bitter,0.0,FULLER'S LONDON PRIDE ALE 500ML,£2.00/unit,2.0,£4.00 / 1 ltr,4.0,1,ltr,4.0,l,Buy any 3 for £5.00,Buy any 3 for £5.00
2015-11-04 09:44:21.446605,SAINSBURY,211501,"Cheese Cheddar, home produced, per kg",http://www.sainsburys.co.uk/shop/gb/groceries/dairy-eggs-chilled/cheddar-british-regional-cheese,british cheddar ,0.0,PILGRIMS CHOICE MATURE LIGHTER 350G,£3.50/unit,3.5,£10.00 / 1 kg,10.0,1,kg,10.0,kg,,
2015-11-04 09:44:21.451851,SAINSBURY,211501,"Cheese Cheddar, home produced, per kg",http://www.sainsburys.co.uk/shop/gb/groceries/dairy-eggs-chilled/cheddar-british-regional-cheese,british cheddar ,0.5,PILGRIMS CHOICE RESERVE CHEDDAR 300G,£3.50/unit,3.5,£11.67 / 1 kg,11.67,1,kg,11.67,kg,,
2015-11-04 09:44:21.455023,SAINSBURY,210214,"Breakfast Cereal 2, NOT sugar/chocolate coated",http://www.sainsburys.co.uk/shop/gb/groceries/food-cupboard/healthier-cereals,,1.0,SHREDDED WHEAT X16,£1.70/unit,1.7,£0.11 / 1 g,0.11,1,g,110.0,kg,,
2015-11-04 09:44:21.457638,SAINSBURY,210214,"Breakfast Cereal 2, NOT sugar/chocolate coated",http://www.sainsburys.co.uk/shop/gb/groceries/food-cupboard/healthier-cereals,,1.0,SHREDDED WHEAT X30,£2.00/unit,2.0,£0.07 / 1 g,0.07,1,g,70.0,kg,Only £2.00: Save 40p,Only £2.00: Save 40p
2015-11-04 09:44:21.460243,SAINSBURY,210214,"Breakfast Cereal 2, NOT sugar/chocolate coated",http://www.sainsburys.co.uk/shop/gb/groceries/food-cupboard/healthier-cereals,,1.0,UDI'S GLUTEN FREE GRANOLA AU NATUREL 311G,£2.75/unit,2.75,£0.88 / 100bisc,0.88,100,bisc,0.0,unknown,,
2015-11-04 09:44:21.466294,SAINSBURY,310207,"Bitter, 4 cans, 3.4%-7.5% ABV",http://www.sainsburys.co.uk/shop/gb/groceries/drinks/ale-stout,bitter,0.0,FULLER'S ORGANIC HONEY DEW 500ML,£2.00/unit,2.0,£4.00 / 1 ltr,4.0,1,ltr,4.0,l,Buy any 3 for £5.00,Buy any 3 for £5.00
2015-11-04 09:44:21.469992,SAINSBURY,310207,"Bitter, 4 cans, 3.4%-7.5% ABV",http://www.sainsburys.co.uk/shop/gb/groceries/drinks/ale-stout,bitter,0.0,FULLER'S WILD RIVER DOUBLE HOP ALE 500ML,£2.00/unit,2.0,£4.00 / 1 ltr,4.0,1,ltr,4.0,l,,
2015-11-04 09:44:21.473598,SAINSBURY,310207,"Bitter, 4 cans, 3.4%-7.5% ABV",http://www.sainsburys.co.uk/shop/gb/groceries/drinks/ale-stout,bitter,0.0,GOLDEN ALES MIXED PACK 6X500ML,£8.00/unit,8.0,£2.67 / 1 ltr,2.67,1,ltr,2.67,l,Only £8.00: Save £1.50,Only £8.00: Save £1.50
2015-11-04 09:44:21.478687,SAINSBURY,211501,"Cheese Cheddar, home produced, per kg",http://www.sainsburys.co.uk/shop/gb/groceries/dairy-eggs-chilled/cheddar-british-regional-cheese,british cheddar ,0.5,SAINSBURY'S BARBERS WEST COUNTRY FARMHOUSE MATURE CHEDDAR 250G,£2.15/unit,2.15,£8.60 / 1 kg,8.6,1,kg,8.6,kg,,
2015-11-04 09:44:21.483377,SAINSBURY,211501,"Cheese Cheddar, home produced, per kg",http://www.sainsburys.co.uk/shop/gb/groceries/dairy-eggs-chilled/cheddar-british-regional-cheese,british cheddar ,0.0,"SAINSBURY'S BEACON FELL CREAMY LANCASHIRE, TASTE THE DIFFERENCE 240G",£2.50/unit,2.5,£10.42 / 1 kg,10.42,1,kg,10.42,kg,,
2015-11-04 09:44:21.488004,SAINSBURY,211501,"Cheese Cheddar, home produced, per kg",http://www.sainsburys.co.uk/shop/gb/groceries/dairy-eggs-chilled/cheddar-british-regional-cheese,british cheddar ,0.0,"SAINSBURY'S BLUE CHEESE, BASICS 220G",£1.60/unit,1.6,£7.27 / 1 kg,7.27,1,kg,7.27,kg,,
2015-11-04 09:44:21.499271,SAINSBURY,310207,"Bitter, 4 cans, 3.4%-7.5% ABV",http://www.sainsburys.co.uk/shop/gb/groceries/drinks/ale-stout,bitter,0.0,GOOSE ISLAND IPA 355ML,£1.75/unit,1.75,£4.93 / 1 ltr,4.93,1,ltr,4.93,l,,
2015-11-04 09:44:21.502779,SAINSBURY,310207,"Bitter, 4 cans, 3.4%-7.5% ABV",http://www.sainsburys.co.uk/shop/gb/groceries/drinks/ale-stout,bitter,0.0,GREEN'S PREMIUM PILS (GLUTEN FREE) 330ML,£1.75/unit,1.75,£5.30 / 1 ltr,5.3,1,ltr,5.3,l,,
2015-11-04 09:44:21.506099,SAINSBURY,310207,"Bitter, 4 cans, 3.4%-7.5% ABV",http://www.sainsburys.co.uk/shop/gb/groceries/drinks/ale-stout,bitter,0.0,GREEN'S SUPREME GOLDEN ALE (GLUTEN FREE) 330ML,£1.75/unit,1.75,£5.30 / 1 ltr,5.3,1,ltr,5.3,l,,
2015-11-04 09:44:21.511327,SAINSBURY,211501,"Cheese Cheddar, home produced, per kg",http://www.sainsburys.co.uk/shop/gb/groceries/dairy-eggs-chilled/cheddar-british-regional-cheese,british cheddar ,0.0,SAINSBURY'S BLUE STILTON 220G,£1.85/unit,1.85,£8.41 / 1 kg,8.41,1,kg,8.41,kg,,
2015-11-04 09:44:21.515623,SAINSBURY,211501,"Cheese Cheddar, home produced, per kg",http://www.sainsburys.co.uk/shop/gb/groceries/dairy-eggs-chilled/cheddar-british-regional-cheese,british cheddar ,1.0,SAINSBURY'S BRITISH EXTRA MATURE CHEDDAR 270G,£2.15/unit,2.15,£7.96 / 1 kg,7.96,1,kg,7.96,kg,,
2015-11-04 09:44:21.519916,SAINSBURY,211501,"Cheese Cheddar, home produced, per kg",http://www.sainsburys.co.uk/shop/gb/groceries/dairy-eggs-chilled/cheddar-british-regional-cheese,british cheddar ,1.0,SAINSBURY'S BRITISH EXTRA MATURE CHEDDAR 400G,£3.00/unit,3.0,£7.50 / 1 kg,7.5,1,kg,7.5,kg,Buy any 2 for £5.00,Buy any 2 for £5.00
2015-11-04 09:44:21.524152,SAINSBURY,310207,"Bitter, 4 cans, 3.4%-7.5% ABV",http://www.sainsburys.co.uk/shop/gb/groceries/drinks/ale-stout,bitter,0.0,GREENE KING ABBOT ALE 4X500ML,£5.50/unit,5.5,£2.75 / 1 ltr,2.75,1,ltr,2.75,l,,
2015-11-04 09:44:21.526997,SAINSBURY,310207,"Bitter, 4 cans, 3.4%-7.5% ABV",http://www.sainsburys.co.uk/shop/gb/groceries/drinks/ale-stout,bitter,0.0,GREENE KING ABBOT ALE 4X500ML,£6.00/unit,6.0,£3.00 / 1 ltr,3.0,1,ltr,3.0,l,,
2015-11-04 09:44:21.529741,SAINSBURY,310207,"Bitter, 4 cans, 3.4%-7.5% ABV",http://www.sainsburys.co.uk/shop/gb/groceries/drinks/ale-stout,bitter,0.0,GREENE KING ABBOT ALE 500ML,£2.00/unit,2.0,£4.00 / 1 ltr,4.0,1,ltr,4.0,l,,
2015-11-04 09:44:21.532588,SAINSBURY,310207,"Bitter, 4 cans, 3.4%-7.5% ABV",http://www.sainsburys.co.uk/shop/gb/groceries/drinks/ale-stout,bitter,0.0,GREENE KING GOLDEN BEER SELECTION 6X500ML,£9.50/unit,9.5,£3.17 / 1 ltr,3.17,1,ltr,3.17,l,,
2015-11-04 09:44:21.536561,SAINSBURY,211501,"Cheese Cheddar, home produced, per kg",http://www.sainsburys.co.uk/shop/gb/groceries/dairy-eggs-chilled/cheddar-british-regional-cheese,british cheddar ,1.0,SAINSBURY'S BRITISH EXTRA MATURE CHEDDAR SLICES 240G,£2.00/unit,2.0,£8.33 / 1 kg,8.33,1,kg,8.33,kg,,
2015-11-04 09:44:21.540511,SAINSBURY,211501,"Cheese Cheddar, home produced, per kg",http://www.sainsburys.co.uk/shop/gb/groceries/dairy-eggs-chilled/cheddar-british-regional-cheese,british cheddar ,1.0,SAINSBURY'S BRITISH EXTRA MATURE GRATED CHEDDAR 250G,£1.50/unit,1.5,£6.00 / 1 kg,6.0,1,kg,6.0,kg,Only £1.50: Save 50p,Only £1.50: Save 50p
2015-11-04 09:44:21.544290,SAINSBURY,211501,"Cheese Cheddar, home produced, per kg",http://www.sainsburys.co.uk/shop/gb/groceries/dairy-eggs-chilled/cheddar-british-regional-cheese,british cheddar ,1.0,SAINSBURY'S BRITISH MATURE CHEDDAR 270G,£2.15/unit,2.15,£7.96 / 1 ea,7.96,1,ea,7.96,each,,
2015-11-04 09:44:21.546889,SAINSBURY,310207,"Bitter, 4 cans, 3.4%-7.5% ABV",http://www.sainsburys.co.uk/shop/gb/groceries/drinks/ale-stout,bitter,0.0,GREENE KING HEAD BREWER'S SELECTION 8X500ML,£12.00/unit,12.0,£3.00 / 1 ltr,3.0,1,ltr,3.0,l,,
2015-11-04 09:44:21.560053,SAINSBURY,211501,"Cheese Cheddar, home produced, per kg",http://www.sainsburys.co.uk/shop/gb/groceries/dairy-eggs-chilled/cheddar-british-regional-cheese,british cheddar ,1.0,SAINSBURY'S BRITISH MATURE CHEDDAR 400G,£3.00/unit,3.0,£7.50 / 1 kg,7.5,1,kg,7.5,kg,Buy any 2 for £5.00,Buy any 2 for £5.00
2015-11-04 09:44:21.563975,SAINSBURY,211501,"Cheese Cheddar, home produced, per kg",http://www.sainsburys.co.uk/shop/gb/groceries/dairy-eggs-chilled/cheddar-british-regional-cheese,british cheddar ,1.0,SAINSBURY'S BRITISH MATURE CHEDDAR SLICES 240G,£2.00/unit,2.0,£8.33 / 1 kg,8.33,1,kg,8.33,kg,,
2015-11-04 09:44:21.567180,SAINSBURY,211501,"Cheese Cheddar, home produced, per kg",http://www.sainsburys.co.uk/shop/gb/groceries/dairy-eggs-chilled/cheddar-british-regional-cheese,british cheddar ,1.0,SAINSBURY'S BRITISH MATURE GRATED CHEDDAR 250G,£1.50/unit,1.5,£6.00 / 1 kg,6.0,1,kg,6.0,kg,Only £1.50: Save 50p,Only £1.50: Save 50p
2015-11-04 09:44:21.570851,SAINSBURY,211501,"Cheese Cheddar, home produced, per kg",http://www.sainsburys.co.uk/shop/gb/groceries/dairy-eggs-chilled/cheddar-british-regional-cheese,british cheddar ,1.0,SAINSBURY'S BRITISH MATURE GRATED CHEDDAR 500G,£3.50/unit,3.5,£7.00 / 1 kg,7.0,1,kg,7.0,kg,,
2015-11-04 09:44:21.574030,SAINSBURY,211501,"Cheese Cheddar, home produced, per kg",http://www.sainsburys.co.uk/shop/gb/groceries/dairy-eggs-chilled/cheddar-british-regional-cheese,british cheddar ,1.0,SAINSBURY'S BRITISH MEDIUM CHEDDAR 270G,£2.15/unit,2.15,£7.96 / 1 kg,7.96,1,kg,7.96,kg,,
2015-11-04 09:44:21.576995,SAINSBURY,211501,"Cheese Cheddar, home produced, per kg",http://www.sainsburys.co.uk/shop/gb/groceries/dairy-eggs-chilled/cheddar-british-regional-cheese,british cheddar ,1.0,SAINSBURY'S BRITISH MEDIUM CHEDDAR 400G,£3.00/unit,3.0,£7.50 / 1 kg,7.5,1,kg,7.5,kg,Buy any 2 for £5.00,Buy any 2 for £5.00
2015-11-04 09:44:21.579787,SAINSBURY,211501,"Cheese Cheddar, home produced, per kg",http://www.sainsburys.co.uk/shop/gb/groceries/dairy-eggs-chilled/cheddar-british-regional-cheese,british cheddar ,1.0,SAINSBURY'S BRITISH MEDIUM CHEDDAR SLICES 240G,£2.00/unit,2.0,£8.33 / 1 kg,8.33,1,kg,8.33,kg,,
2015-11-04 09:44:21.587796,SAINSBURY,211501,"Cheese Cheddar, home produced, per kg",http://www.sainsburys.co.uk/shop/gb/groceries/dairy-eggs-chilled/cheddar-british-regional-cheese,british cheddar ,1.0,SAINSBURY'S BRITISH MEDIUM GRATED CHEDDAR 250G,£1.50/unit,1.5,£6.00 / 1 kg,6.0,1,kg,6.0,kg,Only £1.50: Save 50p,Only £1.50: Save 50p
2015-11-04 09:44:21.590410,SAINSBURY,211501,"Cheese Cheddar, home produced, per kg",http://www.sainsburys.co.uk/shop/gb/groceries/dairy-eggs-chilled/cheddar-british-regional-cheese,british cheddar ,1.0,SAINSBURY'S BRITISH MEDIUM GRATED CHEDDAR 500G,£3.50/unit,3.5,£7.00 / 1 kg,7.0,1,kg,7.0,kg,,
2015-11-04 09:44:21.614065,SAINSBURY,310427,"RUM, WHITE, BOTTLE",http://www.sainsburys.co.uk/shop/gb/groceries/drinks/rum,white rum ,0.5,SAILOR JERRY SPICED RUM 70CL,£17.00/unit,17.0,£24.28 / 1 ltr,24.28,1,ltr,24.28,l,Only £17.00: Save £3.00,Only £17.00: Save £3.00
2015-11-04 09:44:21.618159,SAINSBURY,310427,"RUM, WHITE, BOTTLE",http://www.sainsburys.co.uk/shop/gb/groceries/drinks/rum,white rum ,0.0,"SAINSBURY'S DARK RUM, BASICS 70CL",£11.00/unit,11.0,£15.71 / 1 ltr,15.71,1,ltr,15.71,l,,
2015-11-04 09:44:21.621722,SAINSBURY,310427,"RUM, WHITE, BOTTLE",http://www.sainsburys.co.uk/shop/gb/groceries/drinks/rum,white rum ,0.0,"SAINSBURY'S GOLDEN RUM, TASTE THE DIFFERENCE 70CL",£16.00/unit,16.0,£22.86 / 1 ltr,22.86,1,ltr,22.86,l,,
2015-11-04 09:44:21.625252,SAINSBURY,310427,"RUM, WHITE, BOTTLE",http://www.sainsburys.co.uk/shop/gb/groceries/drinks/rum,white rum ,0.5,SAINSBURY'S SUPERIOR DARK RUM 1L,£15.50/unit,15.5,£15.50 / 1 ltr,15.5,1,ltr,15.5,l,,
2015-11-04 09:44:21.628769,SAINSBURY,310427,"RUM, WHITE, BOTTLE",http://www.sainsburys.co.uk/shop/gb/groceries/drinks/rum,white rum ,0.5,SAINSBURY'S SUPERIOR DARK RUM 35CL,£6.50/unit,6.5,£18.57 / 1 ltr,18.57,1,ltr,18.57,l,,
2015-11-04 09:44:21.632038,SAINSBURY,310427,"RUM, WHITE, BOTTLE",http://www.sainsburys.co.uk/shop/gb/groceries/drinks/rum,white rum ,0.5,SAINSBURY'S SUPERIOR DARK RUM 70CL,£11.50/unit,11.5,£16.43 / 1 ltr,16.43,1,ltr,16.43,l,,
2015-11-04 09:44:21.635401,SAINSBURY,310427,"RUM, WHITE, BOTTLE",http://www.sainsburys.co.uk/shop/gb/groceries/drinks/rum,white rum ,1.0,SAINSBURY'S SUPERIOR WHITE RUM 1.5L,£22.50/unit,22.5,£15.00 / 1 ltr,15.0,1,ltr,15.0,l,,
2015-11-04 09:44:21.645198,SAINSBURY,310427,"RUM, WHITE, BOTTLE",http://www.sainsburys.co.uk/shop/gb/groceries/drinks/rum,white rum ,1.0,SAINSBURY'S SUPERIOR WHITE RUM 1L,£15.50/unit,15.5,£15.50 / 1 ltr,15.5,1,ltr,15.5,l,,
2015-11-04 09:44:21.648095,SAINSBURY,310427,"RUM, WHITE, BOTTLE",http://www.sainsburys.co.uk/shop/gb/groceries/drinks/rum,white rum ,1.0,SAINSBURY'S SUPERIOR WHITE RUM 35CL,£6.50/unit,6.5,£18.57 / 1 ltr,18.57,1,ltr,18.57,l,,
2015-11-04 09:44:21.650865,SAINSBURY,310427,"RUM, WHITE, BOTTLE",http://www.sainsburys.co.uk/shop/gb/groceries/drinks/rum,white rum ,1.0,SAINSBURY'S SUPERIOR WHITE RUM 70CL,£11.50/unit,11.5,£16.43 / 1 ltr,16.43,1,ltr,16.43,l,,
2015-11-04 09:44:21.653569,SAINSBURY,310427,"RUM, WHITE, BOTTLE",http://www.sainsburys.co.uk/shop/gb/groceries/drinks/rum,white rum ,0.5,"SAINSBURY'S WHITE RUM, BASICS 70CL",£11.00/unit,11.0,£15.71 / 1 ltr,15.71,1,ltr,15.71,l,,
2015-11-04 09:44:21.658740,SAINSBURY,310427,"RUM, WHITE, BOTTLE",http://www.sainsburys.co.uk/shop/gb/groceries/drinks/rum,white rum ,0.0,SUNSET REEF 70CL,£6.50/unit,6.5,£9.29 / 1 ltr,9.29,1,ltr,9.29,l,,
2015-11-04 09:44:21.661104,SAINSBURY,310427,"RUM, WHITE, BOTTLE",http://www.sainsburys.co.uk/shop/gb/groceries/drinks/rum,white rum ,0.5,THE KRAKEN BLACK SPICED RUM 70CL,£19.00/unit,19.0,£27.14 / 1 ltr,27.14,1,ltr,27.14,l,Only £19.00: Save £3.50,Only £19.00: Save £3.50
2015-11-04 09:44:21.697951,SAINSBURY,212016,"Fresh/Chilled Orange Juice, eg. Tropicana",http://www.sainsburys.co.uk/shop/gb/groceries/drinks/drinks-chilled-fruit-juice,fresh orange juice ,0.33,INNOCENT KIDS APPLE JUICE 4X180ML,£3.00/unit,3.0,£0.42 / 100ml,0.42,100,ml,4.2,l,Buy any 2 for £5.00,Buy any 2 for £5.00
2015-11-04 09:44:21.703903,SAINSBURY,212016,"Fresh/Chilled Orange Juice, eg. Tropicana",http://www.sainsburys.co.uk/shop/gb/groceries/drinks/drinks-chilled-fruit-juice,fresh orange juice ,0.33,INNOCENT LIGHT & JUICY ORANGE & CLEMENTINE 900ML,£2.50/unit,2.5,£0.28 / 100ml,0.28,100,ml,2.8,l,Buy any 2 for £3.00,Buy any 2 for £3.00
2015-11-04 09:44:21.711331,SAINSBURY,212016,"Fresh/Chilled Orange Juice, eg. Tropicana",http://www.sainsburys.co.uk/shop/gb/groceries/drinks/drinks-chilled-fruit-juice,fresh orange juice ,0.0,INNOCENT LIGHT & JUICY PEACH & RASPBERRY 900ML,£2.50/unit,2.5,£0.28 / 100ml,0.28,100,ml,2.8,l,Buy any 2 for £3.00,Buy any 2 for £3.00
2015-11-04 09:44:21.717143,SAINSBURY,212016,"Fresh/Chilled Orange Juice, eg. Tropicana",http://www.sainsburys.co.uk/shop/gb/groceries/drinks/drinks-chilled-fruit-juice,fresh orange juice ,0.0,INNOCENT LIGHT & JUICY PINEAPPLE & LIME 900ML,£2.50/unit,2.5,£0.28 / 100ml,0.28,100,ml,2.8,l,Buy any 2 for £3.00,Buy any 2 for £3.00
2015-11-04 09:44:21.741852,SAINSBURY,212016,"Fresh/Chilled Orange Juice, eg. Tropicana",http://www.sainsburys.co.uk/shop/gb/groceries/drinks/drinks-chilled-fruit-juice,fresh orange juice ,0.67,INNOCENT ORANGE & MANGO JUICE 900ML,£2.50/unit,2.5,£0.28 / 100ml,0.28,100,ml,2.8,l,Buy any 2 for £3.00,Buy any 2 for £3.00
2015-11-04 09:44:21.747444,SAINSBURY,212016,"Fresh/Chilled Orange Juice, eg. Tropicana",http://www.sainsburys.co.uk/shop/gb/groceries/drinks/drinks-chilled-fruit-juice,fresh orange juice ,0.67,INNOCENT ORANGE JUICE WITH BITS 1.35L,£3.25/unit,3.25,£0.24 / 100ml,0.24,100,ml,2.4,l,,
2015-11-04 09:44:21.756082,SAINSBURY,210204,"Dry Spaghetti or pasta, 500g",http://www.sainsburys.co.uk/shop/gb/groceries/food-cupboard/pasta,500g,1.0,SAINSBURY'S FARFALLE TRICOLORE 500G,£0.85/unit,0.85,£1.70 / 1 kg,1.7,1,kg,1.7,kg,Buy any 2 for £1.50,Buy any 2 for £1.50
2015-11-04 09:44:21.762317,SAINSBURY,210204,"Dry Spaghetti or pasta, 500g",http://www.sainsburys.co.uk/shop/gb/groceries/food-cupboard/pasta,500g,0.0,SAINSBURY'S FUSILLI 1KG,£1.20/unit,1.2,£1.20 / 1 g,1.2,1,g,1200.0,kg,,
2015-11-04 09:44:21.768340,SAINSBURY,212016,"Fresh/Chilled Orange Juice, eg. Tropicana",http://www.sainsburys.co.uk/shop/gb/groceries/drinks/drinks-chilled-fruit-juice,fresh orange juice ,0.67,INNOCENT ORANGE JUICE WITH BITS 900ML,£2.50/unit,2.5,£0.28 / 100ml,0.28,100,ml,2.8,l,Buy any 2 for £3.00,Buy any 2 for £3.00
2015-11-04 09:44:21.774262,SAINSBURY,212016,"Fresh/Chilled Orange Juice, eg. Tropicana",http://www.sainsburys.co.uk/shop/gb/groceries/drinks/drinks-chilled-fruit-juice,fresh orange juice ,0.67,"INNOCENT ORANGE, GRAPEFRUIT & BLOOD ORANGE JUICE 900ML",£2.50/unit,2.5,£0.28 / 100ml,0.28,100,ml,2.8,l,Buy any 2 for £3.00,Buy any 2 for £3.00
2015-11-04 09:44:21.780980,SAINSBURY,210204,"Dry Spaghetti or pasta, 500g",http://www.sainsburys.co.uk/shop/gb/groceries/food-cupboard/pasta,500g,1.0,SAINSBURY'S FUSILLI 500G,£0.85/unit,0.85,£1.70 / 1 kg,1.7,1,kg,1.7,kg,Buy any 2 for £1.50,Buy any 2 for £1.50
2015-11-04 09:44:21.786549,SAINSBURY,210204,"Dry Spaghetti or pasta, 500g",http://www.sainsburys.co.uk/shop/gb/groceries/food-cupboard/pasta,500g,1.0,SAINSBURY'S FUSILLI BUCATI 500G,£0.85/unit,0.85,£1.70 / 1 kg,1.7,1,kg,1.7,kg,Buy any 2 for £1.50,Buy any 2 for £1.50
2015-11-04 09:44:21.792643,SAINSBURY,212016,"Fresh/Chilled Orange Juice, eg. Tropicana",http://www.sainsburys.co.uk/shop/gb/groceries/drinks/drinks-chilled-fruit-juice,fresh orange juice ,0.0,INNOCENT SKIP TO THE BEET FRUIT & VEGETABLE 330ML,£2.50/unit,2.5,£0.76 / 100ml,0.76,100,ml,7.6,l,,
2015-11-04 09:44:21.797471,SAINSBURY,212016,"Fresh/Chilled Orange Juice, eg. Tropicana",http://www.sainsburys.co.uk/shop/gb/groceries/drinks/drinks-chilled-fruit-juice,fresh orange juice ,0.67,INNOCENT SMOOTH ORANGE JUICE 1.35L,£3.25/unit,3.25,£0.24 / 100ml,0.24,100,ml,2.4,l,,
2015-11-04 09:44:21.802294,SAINSBURY,212016,"Fresh/Chilled Orange Juice, eg. Tropicana",http://www.sainsburys.co.uk/shop/gb/groceries/drinks/drinks-chilled-fruit-juice,fresh orange juice ,0.67,INNOCENT SMOOTH ORANGE JUICE 900ML,£2.50/unit,2.5,£0.28 / 100ml,0.28,100,ml,2.8,l,Buy any 2 for £3.00,Buy any 2 for £3.00
2015-11-04 09:44:21.807896,SAINSBURY,210204,"Dry Spaghetti or pasta, 500g",http://www.sainsburys.co.uk/shop/gb/groceries/food-cupboard/pasta,500g,1.0,SAINSBURY'S FUSILLI TRICOLORI 500G,£0.85/unit,0.85,£1.70 / 1 kg,1.7,1,kg,1.7,kg,Buy any 2 for £1.50,Buy any 2 for £1.50
2015-11-04 09:44:21.813361,SAINSBURY,210204,"Dry Spaghetti or pasta, 500g",http://www.sainsburys.co.uk/shop/gb/groceries/food-cupboard/pasta,500g,1.0,"SAINSBURY'S FUSILLI, TASTE THE DIFFERENCE 500G",£1.00/unit,1.0,£2.00 / 1 kg,2.0,1,kg,2.0,kg,Only £1.00: Save 25p,Only £1.00: Save 25p
2015-11-04 09:44:21.818181,SAINSBURY,212016,"Fresh/Chilled Orange Juice, eg. Tropicana",http://www.sainsburys.co.uk/shop/gb/groceries/drinks/drinks-chilled-fruit-juice,fresh orange juice ,0.33,INNOCENT TROPICAL JUICE BLEND 1.35L,£3.25/unit,3.25,£0.24 / 100ml,0.24,100,ml,2.4,l,,
2015-11-04 09:44:21.822539,SAINSBURY,212016,"Fresh/Chilled Orange Juice, eg. Tropicana",http://www.sainsburys.co.uk/shop/gb/groceries/drinks/drinks-chilled-fruit-juice,fresh orange juice ,0.33,INNOCENT TROPICAL JUICE BLEND 900ML,£2.50/unit,2.5,£0.28 / 100ml,0.28,100,ml,2.8,l,Buy any 2 for £3.00,Buy any 2 for £3.00
2015-11-04 09:44:21.826870,SAINSBURY,212016,"Fresh/Chilled Orange Juice, eg. Tropicana",http://www.sainsburys.co.uk/shop/gb/groceries/drinks/drinks-chilled-fruit-juice,fresh orange juice ,0.33,OCEAN SPRAY CRANBERRY JUICE 1L,£2.30/unit,2.3,£0.23 / 100ml,0.23,100,ml,2.3,l,,
2015-11-04 09:44:21.832093,SAINSBURY,210204,"Dry Spaghetti or pasta, 500g",http://www.sainsburys.co.uk/shop/gb/groceries/food-cupboard/pasta,500g,1.0,SAINSBURY'S FUSILLINI 500G,£0.85/unit,0.85,£1.70 / 1 kg,1.7,1,kg,1.7,kg,Buy any 2 for £1.50,Buy any 2 for £1.50
2015-11-04 09:44:21.837412,SAINSBURY,210204,"Dry Spaghetti or pasta, 500g",http://www.sainsburys.co.uk/shop/gb/groceries/food-cupboard/pasta,500g,1.0,SAINSBURY'S HIGH FIBRE WHITE FARFALLE 500G,£0.85/unit,0.85,£1.70 / 1 kg,1.7,1,kg,1.7,kg,Buy any 2 for £1.50,Buy any 2 for £1.50
2015-11-04 09:44:21.842619,SAINSBURY,212016,"Fresh/Chilled Orange Juice, eg. Tropicana",http://www.sainsburys.co.uk/shop/gb/groceries/drinks/drinks-chilled-fruit-juice,fresh orange juice ,0.33,POM WONDERFUL POMEGRANATE JUICE 710ML,£3.70/unit,3.7,£0.52 / 100ml,0.52,100,ml,5.2,l,,
2015-11-04 09:44:21.846901,SAINSBURY,212016,"Fresh/Chilled Orange Juice, eg. Tropicana",http://www.sainsburys.co.uk/shop/gb/groceries/drinks/drinks-chilled-fruit-juice,fresh orange juice ,0.0,"SAINSBURY'S 100% APPLE JUICE, NOT FROM CONCENTRATE 1.75L",£2.30/unit,2.3,£0.13 / 100ml,0.13,100,ml,1.3,l,,
2015-11-04 09:44:21.850861,SAINSBURY,212016,"Fresh/Chilled Orange Juice, eg. Tropicana",http://www.sainsburys.co.uk/shop/gb/groceries/drinks/drinks-chilled-fruit-juice,fresh orange juice ,0.0,"SAINSBURY'S 100% PRESSED APPLE JUICE, NOT FROM CONCENTRATE 1L",£1.40/unit,1.4,£0.14 / 100ml,0.14,100,ml,1.4,l,Buy any 3 for £3.50,Buy any 3 for £3.50
2015-11-04 09:44:21.856003,SAINSBURY,210204,"Dry Spaghetti or pasta, 500g",http://www.sainsburys.co.uk/shop/gb/groceries/food-cupboard/pasta,500g,1.0,SAINSBURY'S HIGH FIBRE WHITE FUSILLI 500G,£0.85/unit,0.85,£1.70 / 1 kg,1.7,1,kg,1.7,kg,Buy any 2 for £1.50,Buy any 2 for £1.50
2015-11-04 09:44:21.861078,SAINSBURY,210204,"Dry Spaghetti or pasta, 500g",http://www.sainsburys.co.uk/shop/gb/groceries/food-cupboard/pasta,500g,1.0,SAINSBURY'S HIGH FIBRE WHITE LASAGNE SHEETS 500G,£0.85/unit,0.85,£1.70 / 1 kg,1.7,1,kg,1.7,kg,Buy any 2 for £1.50,Buy any 2 for £1.50
2015-11-04 09:44:21.865803,SAINSBURY,212016,"Fresh/Chilled Orange Juice, eg. Tropicana",http://www.sainsburys.co.uk/shop/gb/groceries/drinks/drinks-chilled-fruit-juice,fresh orange juice ,0.67,"SAINSBURY'S 100% PURE SQUEEZED ORANGE JUICE WITH BITS, NOT FROM CONCENTRATE 1.75L",£2.30/unit,2.3,£0.13 / 100ml,0.13,100,ml,1.3,l,,
2015-11-04 09:44:21.869574,SAINSBURY,212016,"Fresh/Chilled Orange Juice, eg. Tropicana",http://www.sainsburys.co.uk/shop/gb/groceries/drinks/drinks-chilled-fruit-juice,fresh orange juice ,0.67,"SAINSBURY'S 100% PURE SQUEEZED ORANGE JUICE WITH BITS, NOT FROM CONCENTRATE 1L",£1.40/unit,1.4,£0.14 / 100ml,0.14,100,ml,1.4,l,Buy any 3 for £3.50,Buy any 3 for £3.50
2015-11-04 09:44:21.873213,SAINSBURY,212016,"Fresh/Chilled Orange Juice, eg. Tropicana",http://www.sainsburys.co.uk/shop/gb/groceries/drinks/drinks-chilled-fruit-juice,fresh orange juice ,0.0,"SAINSBURY'S 100% PURE SQUEEZED PINEAPPLE JUICE, NOT FROM CONCENTRATE 1L",£1.40/unit,1.4,£0.14 / 100ml,0.14,100,ml,1.4,l,Buy any 3 for £3.50,Buy any 3 for £3.50
2015-11-04 09:44:21.878101,SAINSBURY,210204,"Dry Spaghetti or pasta, 500g",http://www.sainsburys.co.uk/shop/gb/groceries/food-cupboard/pasta,500g,1.0,SAINSBURY'S HIGH FIBRE WHITE MACARONI 500G,£0.85/unit,0.85,£1.70 / 1 kg,1.7,1,kg,1.7,kg,Buy any 2 for £1.50,Buy any 2 for £1.50
2015-11-04 09:44:21.882779,SAINSBURY,210204,"Dry Spaghetti or pasta, 500g",http://www.sainsburys.co.uk/shop/gb/groceries/food-cupboard/pasta,500g,1.0,SAINSBURY'S HIGH FIBRE WHITE PENNE 500G,£0.85/unit,0.85,£1.70 / 1 kg,1.7,1,kg,1.7,kg,Buy any 2 for £1.50,Buy any 2 for £1.50
2015-11-04 09:44:21.887546,SAINSBURY,210204,"Dry Spaghetti or pasta, 500g",http://www.sainsburys.co.uk/shop/gb/groceries/food-cupboard/pasta,500g,1.0,SAINSBURY'S HIGH FIBRE WHITE SPAGHETTI 500G,£0.85/unit,0.85,£1.70 / 1 kg,1.7,1,kg,1.7,kg,Buy any 2 for £1.50,Buy any 2 for £1.50
2015-11-04 09:44:21.902559,SAINSBURY,212016,"Fresh/Chilled Orange Juice, eg. Tropicana",http://www.sainsburys.co.uk/shop/gb/groceries/drinks/drinks-chilled-fruit-juice,fresh orange juice ,0.0,"SAINSBURY'S 100% PURE SQUEEZED PINK GRAPEFRUIT JUICE, NOT FROM CONCENTRATE 1L",£1.40/unit,1.4,£0.14 / 100ml,0.14,100,ml,1.4,l,Buy any 3 for £3.50,Buy any 3 for £3.50
2015-11-04 09:44:21.905870,SAINSBURY,212016,"Fresh/Chilled Orange Juice, eg. Tropicana",http://www.sainsburys.co.uk/shop/gb/groceries/drinks/drinks-chilled-fruit-juice,fresh orange juice ,0.33,"SAINSBURY'S 100% PURE SQUEEZED SMOOTH ORANGE JUICE, NOT FROM CONCENTRATE 1.75L",£2.30/unit,2.3,£0.13 / 100ml,0.13,100,ml,1.3,l,,
2015-11-04 09:44:21.909080,SAINSBURY,212016,"Fresh/Chilled Orange Juice, eg. Tropicana",http://www.sainsburys.co.uk/shop/gb/groceries/drinks/drinks-chilled-fruit-juice,fresh orange juice ,0.33,"SAINSBURY'S 100% PURE SQUEEZED SMOOTH ORANGE JUICE, NOT FROM CONCENTRATE 1L",£1.40/unit,1.4,£0.14 / 100ml,0.14,100,ml,1.4,l,Buy any 3 for £3.50,Buy any 3 for £3.50
2015-11-04 09:44:21.913672,SAINSBURY,210204,"Dry Spaghetti or pasta, 500g",http://www.sainsburys.co.uk/shop/gb/groceries/food-cupboard/pasta,500g,1.0,SAINSBURY'S LASAGNE SHEETS 500G,£0.85/unit,0.85,£1.70 / 1 kg,1.7,1,kg,1.7,kg,Buy any 2 for £1.50,Buy any 2 for £1.50
2015-11-04 09:44:21.917865,SAINSBURY,210204,"Dry Spaghetti or pasta, 500g",http://www.sainsburys.co.uk/shop/gb/groceries/food-cupboard/pasta,500g,1.0,"SAINSBURY'S LASAGNE SHEETS, BASICS 500G",£0.35/unit,0.35,£0.70 / 1 kg,0.7,1,kg,0.7,kg,,
2015-11-04 09:44:21.921853,SAINSBURY,210204,"Dry Spaghetti or pasta, 500g",http://www.sainsburys.co.uk/shop/gb/groceries/food-cupboard/pasta,500g,1.0,SAINSBURY'S LINGUINE 500G,£0.85/unit,0.85,£1.70 / 1 kg,1.7,1,kg,1.7,kg,Buy any 2 for £1.50,Buy any 2 for £1.50
2015-11-04 09:44:21.927550,SAINSBURY,212016,"Fresh/Chilled Orange Juice, eg. Tropicana",http://www.sainsburys.co.uk/shop/gb/groceries/drinks/drinks-chilled-fruit-juice,fresh orange juice ,0.0,"SAINSBURY'S APPLE & MANGO JUICE, NOT FROM CONCENTRATE 1L",£1.40/unit,1.4,£0.14 / 100ml,0.14,100,ml,1.4,l,Buy any 3 for £3.50,Buy any 3 for £3.50
2015-11-04 09:44:21.930627,SAINSBURY,212016,"Fresh/Chilled Orange Juice, eg. Tropicana",http://www.sainsburys.co.uk/shop/gb/groceries/drinks/drinks-chilled-fruit-juice,fresh orange juice ,0.0,"SAINSBURY'S APPLE & PEAR JUICE, NOT FROM CONCENTRATE 1L",£1.40/unit,1.4,£0.14 / 100ml,0.14,100,ml,1.4,l,Buy any 3 for £3.50,Buy any 3 for £3.50
2015-11-04 09:44:21.933607,SAINSBURY,212016,"Fresh/Chilled Orange Juice, eg. Tropicana",http://www.sainsburys.co.uk/shop/gb/groceries/drinks/drinks-chilled-fruit-juice,fresh orange juice ,0.33,SAINSBURY'S APPLE & RASPBERRY JUICE DRINK 1L,£1.00/unit,1.0,£0.10 / 100ml,0.1,100,ml,1.0,l,Buy any 3 for £2.50,Buy any 3 for £2.50
2015-11-04 09:44:21.936339,SAINSBURY,212016,"Fresh/Chilled Orange Juice, eg. Tropicana",http://www.sainsburys.co.uk/shop/gb/groceries/drinks/drinks-chilled-fruit-juice,fresh orange juice ,0.0,"SAINSBURY'S APPLE JUICE, NOT FROM CONCENTRATE 330ML",£0.80/unit,0.8,£0.24 / 100ml,0.24,100,ml,2.4,l,,
2015-11-04 09:44:21.940482,SAINSBURY,210204,"Dry Spaghetti or pasta, 500g",http://www.sainsburys.co.uk/shop/gb/groceries/food-cupboard/pasta,500g,1.0,"SAINSBURY'S LINGUINE, TASTE THE DIFFERENCE 500G",£1.00/unit,1.0,£2.00 / 1 kg,2.0,1,kg,2.0,kg,Only £1.00: Save 25p,Only £1.00: Save 25p
2015-11-04 09:44:21.944482,SAINSBURY,210204,"Dry Spaghetti or pasta, 500g",http://www.sainsburys.co.uk/shop/gb/groceries/food-cupboard/pasta,500g,1.0,"SAINSBURY'S LUMACONI, TASTE THE DIFFERENCE 500G",£1.00/unit,1.0,£2.00 / 1 kg,2.0,1,kg,2.0,kg,Only £1.00: Save 25p,Only £1.00: Save 25p
2015-11-04 09:44:21.948321,SAINSBURY,210204,"Dry Spaghetti or pasta, 500g",http://www.sainsburys.co.uk/shop/gb/groceries/food-cupboard/pasta,500g,1.0,SAINSBURY'S MACARONI 500G,£0.85/unit,0.85,£1.70 / 1 kg,1.7,1,kg,1.7,kg,Buy any 2 for £1.50,Buy any 2 for £1.50
2015-11-04 09:44:21.977882,SAINSBURY,211709,"Shop Milk, whole milk",http://www.sainsburys.co.uk/shop/gb/groceries/dairy-eggs-chilled/fresh-milk,whole,1.0,SAINSBURY'S BRITISH WHOLE MILK 1.13L (2 PINT),£0.75/unit,0.75,£0.66 / 1 ltr,0.66,1,ltr,0.66,l,,
2015-11-04 09:44:21.981745,SAINSBURY,212016,"Fresh/Chilled Orange Juice, eg. Tropicana",http://www.sainsburys.co.uk/shop/gb/groceries/drinks/drinks-chilled-fruit-juice,fresh orange juice ,0.0,"SAINSBURY'S APPLE JUICE, SO ORGANIC 1L",£2.25/unit,2.25,£0.23 / 100ml,0.23,100,ml,2.3,l,,
2015-11-04 09:44:21.992770,SAINSBURY,210204,"Dry Spaghetti or pasta, 500g",http://www.sainsburys.co.uk/shop/gb/groceries/food-cupboard/pasta,500g,1.0,"SAINSBURY'S MILLERIGHE, TASTE THE DIFFERENCE 500G",£1.00/unit,1.0,£2.00 / 1 kg,2.0,1,kg,2.0,kg,Only £1.00: Save 25p,Only £1.00: Save 25p
2015-11-04 09:44:21.996617,SAINSBURY,210204,"Dry Spaghetti or pasta, 500g",http://www.sainsburys.co.uk/shop/gb/groceries/food-cupboard/pasta,500g,1.0,SAINSBURY'S ORZO 500G,£0.85/unit,0.85,£1.70 / 1 kg,1.7,1,kg,1.7,kg,Buy any 2 for £1.50,Buy any 2 for £1.50
2015-11-04 09:44:22.000147,SAINSBURY,210204,"Dry Spaghetti or pasta, 500g",http://www.sainsburys.co.uk/shop/gb/groceries/food-cupboard/pasta,500g,1.0,"SAINSBURY'S PAPPARDELLE, TASTE THE DIFFERENCE 500G",£1.00/unit,1.0,£2.00 / 1 kg,2.0,1,kg,2.0,kg,Only £1.00: Save 25p,Only £1.00: Save 25p
2015-11-04 09:44:22.007887,SAINSBURY,310215,"Lager, 4 bottles, 4.3%-7.5% ABV",http://www.sainsburys.co.uk/shop/gb/groceries/drinks/lager,lager bottles ,0.5,CARLSBERG LAGER 4X440ML,£3.50/unit,3.5,£1.99 / 1 ltr,1.99,1,ltr,1.99,l,Only £3.50: Save 50p,Only £3.50: Save 50p
2015-11-04 09:44:22.013419,SAINSBURY,310215,"Lager, 4 bottles, 4.3%-7.5% ABV",http://www.sainsburys.co.uk/shop/gb/groceries/drinks/lager,lager bottles ,0.5,CARLSBERG SPECIAL BREW LAGER 4X440ML,£7.50/unit,7.5,£4.26 / 1 ltr,4.26,1,ltr,4.26,l,,
2015-11-04 09:44:22.017439,SAINSBURY,211709,"Shop Milk, whole milk",http://www.sainsburys.co.uk/shop/gb/groceries/dairy-eggs-chilled/fresh-milk,whole,1.0,SAINSBURY'S BRITISH WHOLE MILK 2.27L (4 PINT),£1.00/unit,1.0,£0.44 / 1 ltr,0.44,1,ltr,0.44,l,,
2015-11-04 09:44:22.020961,SAINSBURY,211709,"Shop Milk, whole milk",http://www.sainsburys.co.uk/shop/gb/groceries/dairy-eggs-chilled/fresh-milk,whole,1.0,SAINSBURY'S BRITISH WHOLE MILK 3.4L (6 PINT),£1.48/unit,1.48,£0.43 / 1 ltr,0.43,1,ltr,0.43,l,,
2015-11-04 09:44:22.024435,SAINSBURY,211709,"Shop Milk, whole milk",http://www.sainsburys.co.uk/shop/gb/groceries/dairy-eggs-chilled/fresh-milk,whole,1.0,SAINSBURY'S BRITISH WHOLE MILK 568ML (1 PINT),£0.45/unit,0.45,£0.79 / 1 ltr,0.79,1,ltr,0.79,l,,
2015-11-04 09:44:22.028223,SAINSBURY,210204,"Dry Spaghetti or pasta, 500g",http://www.sainsburys.co.uk/shop/gb/groceries/food-cupboard/pasta,500g,1.0,"SAINSBURY'S PASTA SHAPES, BASICS 500G",£0.35/unit,0.35,£0.70 / 1 kg,0.7,1,kg,0.7,kg,,
2015-11-04 09:44:22.031379,SAINSBURY,210204,"Dry Spaghetti or pasta, 500g",http://www.sainsburys.co.uk/shop/gb/groceries/food-cupboard/pasta,500g,0.0,SAINSBURY'S PENNE 1KG,£1.20/unit,1.2,£1.20 / 1 kg,1.2,1,kg,1.2,kg,,
2015-11-04 09:44:22.034594,SAINSBURY,210204,"Dry Spaghetti or pasta, 500g",http://www.sainsburys.co.uk/shop/gb/groceries/food-cupboard/pasta,500g,0.0,SAINSBURY'S PENNE 3KG,£3.40/unit,3.4,£1.13 / 1 g,1.13,1,g,1130.0,kg,,
2015-11-04 09:44:22.037336,SAINSBURY,210204,"Dry Spaghetti or pasta, 500g",http://www.sainsburys.co.uk/shop/gb/groceries/food-cupboard/pasta,500g,1.0,SAINSBURY'S PENNE RIGATE 500G,£0.85/unit,0.85,£1.70 / 1 kg,1.7,1,kg,1.7,kg,Buy any 2 for £1.50,Buy any 2 for £1.50
2015-11-04 09:44:22.043554,SAINSBURY,310215,"Lager, 4 bottles, 4.3%-7.5% ABV",http://www.sainsburys.co.uk/shop/gb/groceries/drinks/lager,lager bottles ,0.0,COBRA 0.0% ALCOHOL FREE BEER 4X330ML,£2.00/unit,2.0,£1.51 / 1 ltr,1.51,1,ltr,1.51,l,Only £2.00: Save 50p,Only £2.00: Save 50p
2015-11-04 09:44:22.049325,SAINSBURY,310215,"Lager, 4 bottles, 4.3%-7.5% ABV",http://www.sainsburys.co.uk/shop/gb/groceries/drinks/lager,lager bottles ,0.0,COBRA BEER 4X330ML,£4.50/unit,4.5,£3.41 / 1 ltr,3.41,1,ltr,3.41,l,Buy any 2 for £8.00,Buy any 2 for £8.00
2015-11-04 09:44:22.053187,SAINSBURY,211709,"Shop Milk, whole milk",http://www.sainsburys.co.uk/shop/gb/groceries/dairy-eggs-chilled/fresh-milk,whole,1.0,"SAINSBURY'S BRITISH WHOLE MILK, SO ORGANIC 1.13L (2 PINT)",£1.10/unit,1.1,£0.97 / 1 ltr,0.97,1,ltr,0.97,l,,
2015-11-04 09:44:22.056334,SAINSBURY,211709,"Shop Milk, whole milk",http://www.sainsburys.co.uk/shop/gb/groceries/dairy-eggs-chilled/fresh-milk,whole,1.0,"SAINSBURY'S BRITISH WHOLE MILK, SO ORGANIC 2.27L (4 PINT)",£1.85/unit,1.85,£0.81 / 1 ltr,0.81,1,ltr,0.81,l,,
2015-11-04 09:44:22.059248,SAINSBURY,211709,"Shop Milk, whole milk",http://www.sainsburys.co.uk/shop/gb/groceries/dairy-eggs-chilled/fresh-milk,whole,1.0,"SAINSBURY'S BRITISH WHOLE MILK, SO ORGANIC 568ML (1 PINT)",£0.60/unit,0.6,£1.06 / 1 ltr,1.06,1,ltr,1.06,l,,
2015-11-04 09:44:22.062037,SAINSBURY,211709,"Shop Milk, whole milk",http://www.sainsburys.co.uk/shop/gb/groceries/dairy-eggs-chilled/fresh-milk,whole,0.0,"SAINSBURY'S JERSEY MILK, TASTE THE DIFFERENCE 750ML",£0.75/unit,0.75,£1.00 / 1 ltr,1.0,1,ltr,1.0,l,,
2015-11-04 09:44:22.064919,SAINSBURY,210204,"Dry Spaghetti or pasta, 500g",http://www.sainsburys.co.uk/shop/gb/groceries/food-cupboard/pasta,500g,1.0,"SAINSBURY'S PENNE RIGATE, TASTE THE DIFFERENCE 500G",£1.00/unit,1.0,£2.00 / 1 kg,2.0,1,kg,2.0,kg,Only £1.00: Save 25p,Only £1.00: Save 25p
2015-11-04 09:44:22.067455,SAINSBURY,210204,"Dry Spaghetti or pasta, 500g",http://www.sainsburys.co.uk/shop/gb/groceries/food-cupboard/pasta,500g,1.0,"SAINSBURY'S PENNE, SO ORGANIC 500G",£1.05/unit,1.05,£2.10 / 1 kg,2.1,1,kg,2.1,kg,,
2015-11-04 09:44:22.079457,SAINSBURY,310215,"Lager, 4 bottles, 4.3%-7.5% ABV",http://www.sainsburys.co.uk/shop/gb/groceries/drinks/lager,lager bottles ,0.0,COBRA BEER 660ML,£2.00/unit,2.0,£3.03 / 1 ltr,3.03,1,ltr,3.03,l,Buy any 3 for £5.00,Buy any 3 for £5.00
2015-11-04 09:44:22.084868,SAINSBURY,310215,"Lager, 4 bottles, 4.3%-7.5% ABV",http://www.sainsburys.co.uk/shop/gb/groceries/drinks/lager,lager bottles ,0.5,COORS LIGHT LAGER 15X330ML,£10.00/unit,10.0,£2.02 / 1 ltr,2.02,1,ltr,2.02,l,Buy any 2 for £18.00,Buy any 2 for £18.00
2015-11-04 09:44:22.088045,SAINSBURY,211709,"Shop Milk, whole milk",http://www.sainsburys.co.uk/shop/gb/groceries/dairy-eggs-chilled/fresh-milk,whole,0.0,ST HELEN'S SEMI SKIMMED GOATS MILK 1L,£1.60/unit,1.6,£1.60 / 1 ltr,1.6,1,ltr,1.6,l,,
2015-11-04 09:44:22.090801,SAINSBURY,211709,"Shop Milk, whole milk",http://www.sainsburys.co.uk/shop/gb/groceries/dairy-eggs-chilled/fresh-milk,whole,0.0,ST HELEN'S SKIMMED GOATS MILK 1L,£1.60/unit,1.6,£1.60 / 1 ltr,1.6,1,ltr,1.6,l,,
2015-11-04 09:44:22.093540,SAINSBURY,211709,"Shop Milk, whole milk",http://www.sainsburys.co.uk/shop/gb/groceries/dairy-eggs-chilled/fresh-milk,whole,1.0,ST HELEN'S WHOLE GOATS MILK 1L,£1.60/unit,1.6,£1.60 / 1 ltr,1.6,1,ltr,1.6,l,,
2015-11-04 09:44:22.095985,SAINSBURY,211709,"Shop Milk, whole milk",http://www.sainsburys.co.uk/shop/gb/groceries/dairy-eggs-chilled/fresh-milk,whole,0.0,YEO VALLEY ORGANIC SEMI SKIMMED MILK 1L,£1.10/unit,1.1,£1.10 / 1 ltr,1.1,1,ltr,1.1,l,,
2015-11-04 09:44:22.101393,SAINSBURY,310215,"Lager, 4 bottles, 4.3%-7.5% ABV",http://www.sainsburys.co.uk/shop/gb/groceries/drinks/lager,lager bottles ,0.5,COORS LIGHT LAGER 18X440ML,£11.00/unit,11.0,£1.39 / 1 ltr,1.39,1,ltr,1.39,l,Only £11.00: Save £3.00,Only £11.00: Save £3.00
2015-11-04 09:44:22.107285,SAINSBURY,310215,"Lager, 4 bottles, 4.3%-7.5% ABV",http://www.sainsburys.co.uk/shop/gb/groceries/drinks/lager,lager bottles ,0.5,COORS LIGHT LAGER 6X330ML,£5.50/unit,5.5,£2.78 / 1 ltr,2.78,1,ltr,2.78,l,,
2015-11-04 09:44:22.109728,SAINSBURY,211709,"Shop Milk, whole milk",http://www.sainsburys.co.uk/shop/gb/groceries/dairy-eggs-chilled/fresh-milk,whole,0.0,YEO VALLEY ORGANIC SEMI SKIMMED MILK 2L,£1.90/unit,1.9,£0.95 / 1 ltr,0.95,1,ltr,0.95,l,,
2015-11-04 09:44:22.124655,SAINSBURY,310215,"Lager, 4 bottles, 4.3%-7.5% ABV",http://www.sainsburys.co.uk/shop/gb/groceries/drinks/lager,lager bottles ,0.5,CORONA EXTRA LAGER 12X330ML,£12.00/unit,12.0,£3.03 / 1 ltr,3.03,1,ltr,3.03,l,,
2015-11-04 09:44:22.129787,SAINSBURY,310215,"Lager, 4 bottles, 4.3%-7.5% ABV",http://www.sainsburys.co.uk/shop/gb/groceries/drinks/lager,lager bottles ,0.5,CORONA EXTRA LAGER 4X330ML,£4.00/unit,4.0,£3.03 / 1 ltr,3.03,1,ltr,3.03,l,Only £4.00: Save £1.00,Only £4.00: Save £1.00
2015-11-04 09:44:22.136098,SAINSBURY,310215,"Lager, 4 bottles, 4.3%-7.5% ABV",http://www.sainsburys.co.uk/shop/gb/groceries/drinks/lager,lager bottles ,0.5,CORONA LAGER 18X330ML,£15.00/unit,15.0,£2.52 / 1 ltr,2.52,1,ltr,2.52,l,Only £15.00: Save £2.00,Only £15.00: Save £2.00
2015-11-04 09:44:22.140821,SAINSBURY,310215,"Lager, 4 bottles, 4.3%-7.5% ABV",http://www.sainsburys.co.uk/shop/gb/groceries/drinks/lager,lager bottles ,0.0,CUBANISTO RUM BEER 3X330ML,£4.00/unit,4.0,£4.04 / 1 ltr,4.04,1,ltr,4.04,l,Only £4.00: Save £1.00,Only £4.00: Save £1.00
2015-11-04 09:44:22.145050,SAINSBURY,310215,"Lager, 4 bottles, 4.3%-7.5% ABV",http://www.sainsburys.co.uk/shop/gb/groceries/drinks/lager,lager bottles ,0.5,DESPERADOS RED TEQUILA GUARANA CACHACA LAGER 3X330ML,£4.00/unit,4.0,£4.04 / 1 ltr,4.04,1,ltr,4.04,l,Only £4.00: Save £1.00,Only £4.00: Save £1.00
2015-11-04 09:44:22.156387,SAINSBURY,310403,"Vodka, bottle",http://www.sainsburys.co.uk/shop/gb/groceries/drinks/vodka,vodka,0.0,SMIRNOFF RED LABEL 35CL,£9.00/unit,9.0,£25.71 / 1 ltr,25.71,1,ltr,25.71,l,,
2015-11-04 09:44:22.160800,SAINSBURY,310215,"Lager, 4 bottles, 4.3%-7.5% ABV",http://www.sainsburys.co.uk/shop/gb/groceries/drinks/lager,lager bottles ,0.5,DESPERADOS TEQUILA LAGER 3X330ML,£4.00/unit,4.0,£4.04 / 1 ltr,4.04,1,ltr,4.04,l,Only £4.00: Save £1.00,Only £4.00: Save £1.00
2015-11-04 09:44:22.164858,SAINSBURY,310215,"Lager, 4 bottles, 4.3%-7.5% ABV",http://www.sainsburys.co.uk/shop/gb/groceries/drinks/lager,lager bottles ,0.5,DESPERADOS TEQUILA LAGER 650ML,£2.75/unit,2.75,£4.23 / 1 ltr,4.23,1,ltr,4.23,l,,
2015-11-04 09:44:22.168788,SAINSBURY,310215,"Lager, 4 bottles, 4.3%-7.5% ABV",http://www.sainsburys.co.uk/shop/gb/groceries/drinks/lager,lager bottles ,0.5,DESPERADOS VERDE LIME MINT TEQUILA LAGER 3X330ML,£4.00/unit,4.0,£4.04 / 1 ltr,4.04,1,ltr,4.04,l,Only £4.00: Save £1.00,Only £4.00: Save £1.00
2015-11-04 09:44:22.172073,SAINSBURY,310403,"Vodka, bottle",http://www.sainsburys.co.uk/shop/gb/groceries/drinks/vodka,vodka,0.0,SMIRNOFF RED LABEL 70CL,£14.00/unit,14.0,£20.00 / 1 ltr,20.0,1,ltr,20.0,l,Only £14.00: Save £2.00,Only £14.00: Save £2.00
2015-11-04 09:44:22.175027,SAINSBURY,310403,"Vodka, bottle",http://www.sainsburys.co.uk/shop/gb/groceries/drinks/vodka,vodka,1.0,SMIRNOFF RED LABEL VODKA 1L,£20.00/unit,20.0,£20.00 / 1 ltr,20.0,1,ltr,20.0,l,,
2015-11-04 09:44:22.177769,SAINSBURY,310403,"Vodka, bottle",http://www.sainsburys.co.uk/shop/gb/groceries/drinks/vodka,vodka,1.0,STOLICHNAYA VODKA 70CL,£14.00/unit,14.0,£20.00 / 1 ltr,20.0,1,ltr,20.0,l,Only £14.00: Save £6.00,Only £14.00: Save £6.00
2015-11-04 09:44:22.180464,SAINSBURY,310403,"Vodka, bottle",http://www.sainsburys.co.uk/shop/gb/groceries/drinks/vodka,vodka,1.0,U'LUVKA VODKA 70CL,£30.00/unit,30.0,£42.86 / 1 ltr,42.86,1,ltr,42.86,l,Only £30.00: Save £5.00,Only £30.00: Save £5.00
2015-11-04 09:44:22.184574,SAINSBURY,310215,"Lager, 4 bottles, 4.3%-7.5% ABV",http://www.sainsburys.co.uk/shop/gb/groceries/drinks/lager,lager bottles ,0.0,ESTRELLA DAMM BEER 4X330ML,£4.50/unit,4.5,£3.41 / 1 ltr,3.41,1,ltr,3.41,l,,
2015-11-04 09:44:22.188239,SAINSBURY,310215,"Lager, 4 bottles, 4.3%-7.5% ABV",http://www.sainsburys.co.uk/shop/gb/groceries/drinks/lager,lager bottles ,0.0,ESTRELLA DAMM DAURA GLUTEN FREE BEER 4X330ML,£6.00/unit,6.0,£4.55 / 1 ltr,4.55,1,ltr,4.55,l,,
2015-11-04 09:44:22.191782,SAINSBURY,310215,"Lager, 4 bottles, 4.3%-7.5% ABV",http://www.sainsburys.co.uk/shop/gb/groceries/drinks/lager,lager bottles ,0.5,FOSTER'S GOLD LAGER 15X300ML,£10.00/unit,10.0,£2.22 / 1 ltr,2.22,1,ltr,2.22,l,Buy any 2 for £18.00,Buy any 2 for £18.00
2015-11-04 09:44:22.194357,SAINSBURY,310403,"Vodka, bottle",http://www.sainsburys.co.uk/shop/gb/groceries/drinks/vodka,vodka,0.0,VLADIVAR 1L,£17.00/unit,17.0,£17.00 / 1 ltr,17.0,1,ltr,17.0,l,,
2015-11-04 09:44:22.203436,SAINSBURY,310215,"Lager, 4 bottles, 4.3%-7.5% ABV",http://www.sainsburys.co.uk/shop/gb/groceries/drinks/lager,lager bottles ,0.5,FOSTER'S LAGER 15X440ML,£11.00/unit,11.0,£1.67 / 1 ltr,1.67,1,ltr,1.67,l,Buy any 2 for £18.00,Buy any 2 for £18.00
2015-11-04 09:44:22.206738,SAINSBURY,310215,"Lager, 4 bottles, 4.3%-7.5% ABV",http://www.sainsburys.co.uk/shop/gb/groceries/drinks/lager,lager bottles ,0.5,FOSTER'S LAGER 20X440ML,£11.00/unit,11.0,£1.25 / 1 ltr,1.25,1,ltr,1.25,l,Only £11.00: Save £3.00,Only £11.00: Save £3.00
2015-11-04 09:44:22.209938,SAINSBURY,310215,"Lager, 4 bottles, 4.3%-7.5% ABV",http://www.sainsburys.co.uk/shop/gb/groceries/drinks/lager,lager bottles ,0.5,FOSTER'S LAGER 4X440ML,£3.50/unit,3.5,£1.99 / 1 ltr,1.99,1,ltr,1.99,l,Only £3.50: Save 50p,Only £3.50: Save 50p
2015-11-04 09:44:22.213201,SAINSBURY,310215,"Lager, 4 bottles, 4.3%-7.5% ABV",http://www.sainsburys.co.uk/shop/gb/groceries/drinks/lager,lager bottles ,0.0,FOSTER'S RADLER CLOUDY LEMON 12X300ML,£6.00/unit,6.0,£1.67 / 1 ltr,1.67,1,ltr,1.67,l,Only £6.00: Save £2.00,Only £6.00: Save £2.00
2015-11-04 09:44:22.216113,SAINSBURY,310215,"Lager, 4 bottles, 4.3%-7.5% ABV",http://www.sainsburys.co.uk/shop/gb/groceries/drinks/lager,lager bottles ,0.0,FOSTER'S RADLER CLOUDY LEMON 4X300ML,£3.50/unit,3.5,£2.92 / 1 ltr,2.92,1,ltr,2.92,l,,
2015-11-04 09:44:22.218760,SAINSBURY,310215,"Lager, 4 bottles, 4.3%-7.5% ABV",http://www.sainsburys.co.uk/shop/gb/groceries/drinks/lager,lager bottles ,0.0,FOSTER'S RADLER CLOUDY LEMON 4X440ML,£3.50/unit,3.5,£1.99 / 1 ltr,1.99,1,ltr,1.99,l,,
2015-11-04 09:44:22.221475,SAINSBURY,310215,"Lager, 4 bottles, 4.3%-7.5% ABV",http://www.sainsburys.co.uk/shop/gb/groceries/drinks/lager,lager bottles ,0.0,FOSTER'S RADLER ZERO CLOUDY LEMON 4X300ML,£3.50/unit,3.5,£2.92 / 1 ltr,2.92,1,ltr,2.92,l,,
2015-11-04 09:44:22.224183,SAINSBURY,310215,"Lager, 4 bottles, 4.3%-7.5% ABV",http://www.sainsburys.co.uk/shop/gb/groceries/drinks/lager,lager bottles ,0.0,FOSTERS GOLD 4X300ML,£3.50/unit,3.5,£2.91 / 1 ltr,2.91,1,ltr,2.91,l,Only £3.50: Save 50p,Only £3.50: Save 50p
2015-11-04 09:44:22.226662,SAINSBURY,310215,"Lager, 4 bottles, 4.3%-7.5% ABV",http://www.sainsburys.co.uk/shop/gb/groceries/drinks/lager,lager bottles ,0.0,FOSTERS ROCKS SPICE RUM 4X440ML,£4.00/unit,4.0,£2.28 / 1 ltr,2.28,1,ltr,2.28,l,Only £4.00: Save 50p,Only £4.00: Save 50p
2015-11-04 09:44:22.516118,SAINSBURY,211901,"Tea bags, per packet of 80, 250g",http://www.sainsburys.co.uk/shop/gb/groceries/drinks/everyday-tea,80 250g,0.0,"SAINSBURY'S RED LABEL EVERYDAY TEA BAGS, DECAFFEINATED X80",£1.50/unit,1.5,£0.60 / 100g,0.6,100,g,6.0,kg,,
2015-11-04 09:44:22.522837,SAINSBURY,211901,"Tea bags, per packet of 80, 250g",http://www.sainsburys.co.uk/shop/gb/groceries/drinks/everyday-tea,80 250g,0.0,SAINSBURY'S RED LABEL ROUND TEA BAGS X240,£3.00/unit,3.0,£0.40 / 100g,0.4,100,g,4.0,kg,,
2015-11-04 09:44:22.544903,SAINSBURY,211901,"Tea bags, per packet of 80, 250g",http://www.sainsburys.co.uk/shop/gb/groceries/drinks/everyday-tea,80 250g,0.5,SAINSBURY'S RED LABEL TEA 250G,£1.40/unit,1.4,£0.56 / 100g,0.56,100,g,5.6,kg,,
2015-11-04 09:44:22.550266,SAINSBURY,211901,"Tea bags, per packet of 80, 250g",http://www.sainsburys.co.uk/shop/gb/groceries/drinks/everyday-tea,80 250g,0.0,SAINSBURY'S RED LABEL TEA BAGS FAIRTRADE X160 500G,£2.00/unit,2.0,£0.40 / 100ea,0.4,100,ea,0.004,each,,
2015-11-04 09:44:22.566618,SAINSBURY,211901,"Tea bags, per packet of 80, 250g",http://www.sainsburys.co.uk/shop/gb/groceries/drinks/everyday-tea,80 250g,0.5,SAINSBURY'S RED LABEL TEA BAGS FAIRTRADE X80 250G,£1.15/unit,1.15,£0.46 / 100g,0.46,100,g,4.6,kg,,
2015-11-04 09:44:22.575534,SAINSBURY,211901,"Tea bags, per packet of 80, 250g",http://www.sainsburys.co.uk/shop/gb/groceries/drinks/everyday-tea,80 250g,0.0,SAINSBURY'S RED LABEL TEA BAGS X40 125G,£0.70/unit,0.7,£0.56 / 100g,0.56,100,g,5.6,kg,,
2015-11-04 09:44:22.586843,SAINSBURY,210113,"Wholemeal Sliced Loaf, branded",http://www.sainsburys.co.uk/shop/gb/groceries/bakery/wholemeal-brown-bread,wholemeal sliced,0.0,WARBURTONS BROWN FARMHOUSE 800G,£1.45/unit,1.45,£0.18 / 100g,0.18,100,g,1.8,kg,,
2015-11-04 09:44:22.611649,SAINSBURY,211901,"Tea bags, per packet of 80, 250g",http://www.sainsburys.co.uk/shop/gb/groceries/drinks/everyday-tea,80 250g,0.0,SAINSBURY'S RED LABEL TEA BAGS X480 1.5KG,£5.70/unit,5.7,£0.38 / 100g,0.38,100,g,3.8,kg,,
2015-11-04 09:44:22.616550,SAINSBURY,211901,"Tea bags, per packet of 80, 250g",http://www.sainsburys.co.uk/shop/gb/groceries/drinks/everyday-tea,80 250g,0.0,SAINSBURY'S ROOIBOS TEA BAGS X80,£2.00/unit,2.0,£1.00 / 100g,1.0,100,g,10.0,kg,,
2015-11-04 09:44:22.619293,SAINSBURY,210113,"Wholemeal Sliced Loaf, branded",http://www.sainsburys.co.uk/shop/gb/groceries/bakery/wholemeal-brown-bread,wholemeal sliced,0.5,"WARBURTONS BROWN PREMIUM BREAD, SLICED 400G",£0.80/unit,0.8,£0.20 / 100g,0.2,100,g,2.0,kg,,
2015-11-04 09:44:22.621963,SAINSBURY,210113,"Wholemeal Sliced Loaf, branded",http://www.sainsburys.co.uk/shop/gb/groceries/bakery/wholemeal-brown-bread,wholemeal sliced,0.0,WARBURTONS HONEY WHEAT 400G,£1.40/unit,1.4,£0.35 / 100g,0.35,100,g,3.5,kg,,
2015-11-04 09:44:22.624316,SAINSBURY,210113,"Wholemeal Sliced Loaf, branded",http://www.sainsburys.co.uk/shop/gb/groceries/bakery/wholemeal-brown-bread,wholemeal sliced,0.5,WARBURTONS WEIGHTWATCHERS WHOLEMEAL TOASTIE BREAD 400G,£0.80/unit,0.8,£0.20 / 100g,0.2,100,g,2.0,kg,,
2015-11-04 09:44:22.635040,SAINSBURY,210302,Plain Biscuits (eg. Digestive),http://www.sainsburys.co.uk/shop/gb/groceries/food-cupboard/biscuit-barrel,digestives,0.0,RAKUSEN'S SWEETMEAL DIGESTIVE BISCUITS 250G,£1.10/unit,1.1,£0.44 / 100g,0.44,100,g,4.4,kg,,
2015-11-04 09:44:22.640568,SAINSBURY,210302,Plain Biscuits (eg. Digestive),http://www.sainsburys.co.uk/shop/gb/groceries/food-cupboard/biscuit-barrel,digestives,0.0,SAINSBURY'S 35% REDUCED FAT GINGER SNAPS 200G,£0.55/unit,0.55,£0.28 / 100g,0.28,100,g,2.8,kg,,
2015-11-04 09:44:22.664776,SAINSBURY,211901,"Tea bags, per packet of 80, 250g",http://www.sainsburys.co.uk/shop/gb/groceries/drinks/everyday-tea,80 250g,0.0,"SAINSBURY'S ROOIBOS TEA BAGS, FAIRTRADE X40",£1.50/unit,1.5,£1.50 / 100g,1.5,100,g,15.0,kg,,
2015-11-04 09:44:22.669197,SAINSBURY,211901,"Tea bags, per packet of 80, 250g",http://www.sainsburys.co.uk/shop/gb/groceries/drinks/everyday-tea,80 250g,0.0,SAINSBURY'S TEA BAGS BASICS X40,£0.40/unit,0.4,£0.40 / 100g,0.4,100,g,4.0,kg,,
2015-11-04 09:44:22.673378,SAINSBURY,211901,"Tea bags, per packet of 80, 250g",http://www.sainsburys.co.uk/shop/gb/groceries/drinks/everyday-tea,80 250g,0.0,TEAPIGS ENGLISH BREAKFAST TEA BAGS X15,£4.15/unit,4.15,£8.30 / 100g,8.3,100,g,83.0,kg,,
2015-11-04 09:44:22.682123,SAINSBURY,210302,Plain Biscuits (eg. Digestive),http://www.sainsburys.co.uk/shop/gb/groceries/food-cupboard/biscuit-barrel,digestives,0.0,SAINSBURY'S BISCUIT ASSORTMENT 400G,£2.00/unit,2.0,£0.50 / 100g,0.5,100,g,5.0,kg,,
2015-11-04 09:44:22.687634,SAINSBURY,210302,Plain Biscuits (eg. Digestive),http://www.sainsburys.co.uk/shop/gb/groceries/food-cupboard/biscuit-barrel,digestives,0.0,"SAINSBURY'S BISCUIT VARIETY PACK, BASICS 700G",£1.00/unit,1.0,£0.14 / 100g,0.14,100,g,1.4,kg,,
2015-11-04 09:44:22.695316,SAINSBURY,310421,"Red Wine, European, bottle",http://www.sainsburys.co.uk/shop/gb/groceries/drinks/red-wine,red wine ,0.0,CARTA ROJA GRAN RESERVA 75CL,£7.00/unit,7.0,£7.00 / 75cl,7.0,75,cl,9.3333,l,Buy any 6 or more save 25%,Buy any 6 or more save 25%
2015-11-04 09:44:22.701112,SAINSBURY,310421,"Red Wine, European, bottle",http://www.sainsburys.co.uk/shop/gb/groceries/drinks/red-wine,red wine ,0.0,CASILLERO DEL DIABLO CABERNET SAUVIGNON 75CL,£8.00/unit,8.0,£8.00 / 75cl,8.0,75,cl,10.6667,l,Buy any 6 or more save 25%,Buy any 6 or more save 25%
2015-11-04 09:44:22.706422,SAINSBURY,211901,"Tea bags, per packet of 80, 250g",http://www.sainsburys.co.uk/shop/gb/groceries/drinks/everyday-tea,80 250g,0.0,TETLEY BLEND OF BOTH TEA BAGS X75,£2.00/unit,2.0,£0.85 / 100g,0.85,100,g,8.5,kg,Only £2.00: Save 60p,Only £2.00: Save 60p
2015-11-04 09:44:22.710631,SAINSBURY,211901,"Tea bags, per packet of 80, 250g",http://www.sainsburys.co.uk/shop/gb/groceries/drinks/everyday-tea,80 250g,0.0,TETLEY EVERYDAY TEA BAGS DECAFFEINATED X160,£4.50/unit,4.5,£0.90 / 100g,0.9,100,g,9.0,kg,,
2015-11-04 09:44:22.714540,SAINSBURY,211901,"Tea bags, per packet of 80, 250g",http://www.sainsburys.co.uk/shop/gb/groceries/drinks/everyday-tea,80 250g,0.5,TETLEY EVERYDAY TEA BAGS DECAFFEINATED X80 250G,£2.40/unit,2.4,£0.96 / 100g,0.96,100,g,9.6,kg,,
2015-11-04 09:44:22.719326,SAINSBURY,210302,Plain Biscuits (eg. Digestive),http://www.sainsburys.co.uk/shop/gb/groceries/food-cupboard/biscuit-barrel,digestives,0.0,SAINSBURY'S BOURBON CREAMS 200G,£0.55/unit,0.55,£0.28 / 100g,0.28,100,g,2.8,kg,,
2015-11-04 09:44:22.724159,SAINSBURY,210302,Plain Biscuits (eg. Digestive),http://www.sainsburys.co.uk/shop/gb/groceries/food-cupboard/biscuit-barrel,digestives,0.0,SAINSBURY'S BOURBON CREAMS 400G,£1.00/unit,1.0,£0.25 / 100g,0.25,100,g,2.5,kg,,
2015-11-04 09:44:22.728754,SAINSBURY,210302,Plain Biscuits (eg. Digestive),http://www.sainsburys.co.uk/shop/gb/groceries/food-cupboard/biscuit-barrel,digestives,0.0,"SAINSBURY'S BOURBON CREAMS, BASICS 200G",£0.25/unit,0.25,£0.13 / 100g,0.13,100,g,1.3,kg,,
2015-11-04 09:44:22.734521,SAINSBURY,310421,"Red Wine, European, bottle",http://www.sainsburys.co.uk/shop/gb/groceries/drinks/red-wine,red wine ,0.0,CASILLERO DEL DIABLO MERLOT 75CL,£6.00/unit,6.0,£6.00 / 75cl,6.0,75,cl,8.0,l,"Only £6.00: Save £2.00,PLUS Buy any 6 or more save 25%","Only £6.00: Save £2.00,PLUS Buy any 6 or more save 25%"
2015-11-04 09:44:22.740159,SAINSBURY,310421,"Red Wine, European, bottle",http://www.sainsburys.co.uk/shop/gb/groceries/drinks/red-wine,red wine ,0.0,CASILLERO DEL DIABLO SHIRAZ 75CL,£6.00/unit,6.0,£6.00 / 75cl,6.0,75,cl,8.0,l,"Only £6.00: Save £2.00,PLUS Buy any 6 or more save 25%","Only £6.00: Save £2.00,PLUS Buy any 6 or more save 25%"
2015-11-04 09:44:22.749298,SAINSBURY,211901,"Tea bags, per packet of 80, 250g",http://www.sainsburys.co.uk/shop/gb/groceries/drinks/everyday-tea,80 250g,0.0,"TETLEY EVERYDAY TEA BAGS, SOFTPACK X160",£4.00/unit,4.0,£0.80 / 100g,0.8,100,g,8.0,kg,,
2015-11-04 09:44:22.752967,SAINSBURY,211901,"Tea bags, per packet of 80, 250g",http://www.sainsburys.co.uk/shop/gb/groceries/drinks/everyday-tea,80 250g,0.0,"TETLEY EVERYDAY TEA BAGS, SOFTPACK X240",£3.50/unit,3.5,£0.47 / 100g,0.47,100,g,4.7,kg,Only £3.50: Save £1.50,Only £3.50: Save £1.50
2015-11-04 09:44:22.756693,SAINSBURY,211901,"Tea bags, per packet of 80, 250g",http://www.sainsburys.co.uk/shop/gb/groceries/drinks/everyday-tea,80 250g,0.0,"TETLEY EVERYDAY TEA BAGS, SOFTPACK X80",£2.30/unit,2.3,£0.92 / 100g,0.92,100,g,9.2,kg,,
2015-11-04 09:44:22.761381,SAINSBURY,210302,Plain Biscuits (eg. Digestive),http://www.sainsburys.co.uk/shop/gb/groceries/food-cupboard/biscuit-barrel,digestives,0.0,SAINSBURY'S COCONUT RINGS 300G,£1.00/unit,1.0,£0.33 / 100g,0.33,100,g,3.3,kg,,
2015-11-04 09:44:22.765624,SAINSBURY,210302,Plain Biscuits (eg. Digestive),http://www.sainsburys.co.uk/shop/gb/groceries/food-cupboard/biscuit-barrel,digestives,0.0,"SAINSBURY'S CRINKLE CRUNCH BISCUITS, GINGER 200G",£0.80/unit,0.8,£0.40 / 100g,0.4,100,g,4.0,kg,,
2015-11-04 09:44:22.769777,SAINSBURY,210302,Plain Biscuits (eg. Digestive),http://www.sainsburys.co.uk/shop/gb/groceries/food-cupboard/biscuit-barrel,digestives,0.0,SAINSBURY'S CUSTARD CREAMS 200G,£0.55/unit,0.55,£0.28 / 100g,0.28,100,g,2.8,kg,,
2015-11-04 09:44:22.775237,SAINSBURY,310421,"Red Wine, European, bottle",http://www.sainsburys.co.uk/shop/gb/groceries/drinks/red-wine,red wine ,0.0,CASTILLO DE ALBAI RIOJA 75CL,£6.50/unit,6.5,£6.50 / 75cl,6.5,75,cl,8.6667,l,Buy any 6 or more save 25%,Buy any 6 or more save 25%
2015-11-04 09:44:22.780472,SAINSBURY,310421,"Red Wine, European, bottle",http://www.sainsburys.co.uk/shop/gb/groceries/drinks/red-wine,red wine ,0.0,CELLIER DES DAUPHINS MERLOT GRENACHE 75CL,£5.00/unit,5.0,£5.00 / 75cl,5.0,75,cl,6.6667,l,Buy any 6 or more save 25%,Buy any 6 or more save 25%
2015-11-04 09:44:22.785565,SAINSBURY,211901,"Tea bags, per packet of 80, 250g",http://www.sainsburys.co.uk/shop/gb/groceries/drinks/everyday-tea,80 250g,0.0,TETLEY EXTRA STRONG TEA BAGS X75,£2.00/unit,2.0,£0.85 / 100g,0.85,100,g,8.5,kg,Only £2.00: Save 60p,Only £2.00: Save 60p
2015-11-04 09:44:22.789010,SAINSBURY,211901,"Tea bags, per packet of 80, 250g",http://www.sainsburys.co.uk/shop/gb/groceries/drinks/everyday-tea,80 250g,0.0,TETLEY KENYAN GOLD TEA BAGS X75,£2.00/unit,2.0,£0.91 / 100g,0.91,100,g,9.1,kg,Only £2.00: Save 60p,Only £2.00: Save 60p
2015-11-04 09:44:22.792316,SAINSBURY,211901,"Tea bags, per packet of 80, 250g",http://www.sainsburys.co.uk/shop/gb/groceries/drinks/everyday-tea,80 250g,0.0,TETLEY REDBUSH TEA BAGS X40,£1.00/unit,1.0,£1.00 / 100g,1.0,100,g,10.0,kg,Only £1.00: Save 80p,Only £1.00: Save 80p
2015-11-04 09:44:22.796763,SAINSBURY,210302,Plain Biscuits (eg. Digestive),http://www.sainsburys.co.uk/shop/gb/groceries/food-cupboard/biscuit-barrel,digestives,0.0,SAINSBURY'S CUSTARD CREAMS 400G,£1.00/unit,1.0,£0.25 / 100g,0.25,100,g,2.5,kg,,
2015-11-04 09:44:22.800777,SAINSBURY,210302,Plain Biscuits (eg. Digestive),http://www.sainsburys.co.uk/shop/gb/groceries/food-cupboard/biscuit-barrel,digestives,0.0,"SAINSBURY'S CUSTARD CREAMS, BASICS 200G",£0.20/unit,0.2,£0.10 / 100g,0.1,100,g,1.0,kg,,
2015-11-04 09:44:22.804853,SAINSBURY,210302,Plain Biscuits (eg. Digestive),http://www.sainsburys.co.uk/shop/gb/groceries/food-cupboard/biscuit-barrel,digestives,0.0,SAINSBURY'S DIGESTIVE BISCUITS 500G,£0.80/unit,0.8,£0.16 / 100g,0.16,100,g,1.6,kg,,
2015-11-04 09:44:22.810392,SAINSBURY,310421,"Red Wine, European, bottle",http://www.sainsburys.co.uk/shop/gb/groceries/drinks/red-wine,red wine ,0.0,CHANSON NUITS SAINT GEORGES 75CL,£30.00/unit,30.0,£30.00 / 75cl,30.0,75,cl,40.0,l,Buy any 6 or more save 25%,Buy any 6 or more save 25%
2015-11-04 09:44:22.815398,SAINSBURY,310421,"Red Wine, European, bottle",http://www.sainsburys.co.uk/shop/gb/groceries/drinks/red-wine,red wine ,0.0,CHATEAU CAMBON LA PELOUS MEDOC 75CL,£20.00/unit,20.0,£20.00 / 75cl,20.0,75,cl,26.6667,l,Buy any 6 or more save 25%,Buy any 6 or more save 25%
2015-11-04 09:44:22.827530,SAINSBURY,210111,"White Sliced Loaf, branded",http://www.sainsburys.co.uk/shop/gb/groceries/bakery/white-bread,sliced ,1.0,"WARBURTONS DANISH WHITE BREAD, SLICED 400G",£0.80/unit,0.8,£0.20 / 100g,0.2,100,g,2.0,kg,,
2015-11-04 09:44:22.831037,SAINSBURY,211901,"Tea bags, per packet of 80, 250g",http://www.sainsburys.co.uk/shop/gb/groceries/drinks/everyday-tea,80 250g,0.0,TETLEY REDBUSH TEA BAGS X80,£3.20/unit,3.2,£1.60 / 100g,1.6,100,g,16.0,kg,,
2015-11-04 09:44:22.834229,SAINSBURY,211901,"Tea bags, per packet of 80, 250g",http://www.sainsburys.co.uk/shop/gb/groceries/drinks/everyday-tea,80 250g,0.0,TETLEY SOFTPACK TEA BAGS X40,£1.30/unit,1.3,£1.04 / 100g,1.04,100,g,10.4,kg,,
2015-11-04 09:44:22.837160,SAINSBURY,211901,"Tea bags, per packet of 80, 250g",http://www.sainsburys.co.uk/shop/gb/groceries/drinks/everyday-tea,80 250g,0.0,TICK TOCK ROOIBOS TEA BAGS ORGANIC X40,£2.00/unit,2.0,£2.00 / 100g,2.0,100,g,20.0,kg,,
2015-11-04 09:44:22.840113,SAINSBURY,211901,"Tea bags, per packet of 80, 250g",http://www.sainsburys.co.uk/shop/gb/groceries/drinks/everyday-tea,80 250g,0.0,TICK TOCK ROOIBOS TEA BAGS X80,£3.50/unit,3.5,£1.75 / 100g,1.75,100,g,17.5,kg,,
2015-11-04 09:44:22.845506,SAINSBURY,210302,Plain Biscuits (eg. Digestive),http://www.sainsburys.co.uk/shop/gb/groceries/food-cupboard/biscuit-barrel,digestives,0.0,"SAINSBURY'S DIGESTIVE BISCUITS, BASICS 400G",£0.35/unit,0.35,£0.09 / 100g,0.09,100,g,0.9,kg,,
2015-11-04 09:44:22.852012,SAINSBURY,210302,Plain Biscuits (eg. Digestive),http://www.sainsburys.co.uk/shop/gb/groceries/food-cupboard/biscuit-barrel,digestives,0.0,SAINSBURY'S FIG ROLLS 200G,£0.55/unit,0.55,£0.28 / 100g,0.28,100,g,2.8,kg,,
2015-11-04 09:44:22.857582,SAINSBURY,310421,"Red Wine, European, bottle",http://www.sainsburys.co.uk/shop/gb/groceries/drinks/red-wine,red wine ,0.0,CHATEAU DAVID BORDEAUX 75CL,£6.50/unit,6.5,£6.50 / 75cl,6.5,75,cl,8.6667,l,Buy any 6 or more save 25%,Buy any 6 or more save 25%
2015-11-04 09:44:22.862834,SAINSBURY,310421,"Red Wine, European, bottle",http://www.sainsburys.co.uk/shop/gb/groceries/drinks/red-wine,red wine ,1.0,CHOCOLATE DROP RED WINE WITH DARK CHOCOLATE 75CL,£4.50/unit,4.5,£4.50 / 75cl,4.5,75,cl,6.0,l,"Only £4.50: Save £1.50,PLUS Buy any 6 or more save 25%","Only £4.50: Save £1.50,PLUS Buy any 6 or more save 25%"
2015-11-04 09:44:22.868515,SAINSBURY,210111,"White Sliced Loaf, branded",http://www.sainsburys.co.uk/shop/gb/groceries/bakery/white-bread,sliced ,0.0,WARBURTONS GLUTEN FREE CLASSIC WHITE LOAF 400G,£3.50/unit,3.5,£0.88 / 100g,0.88,100,g,8.8,kg,,
2015-11-04 09:44:22.871705,SAINSBURY,210111,"White Sliced Loaf, branded",http://www.sainsburys.co.uk/shop/gb/groceries/bakery/white-bread,sliced ,0.0,WARBURTONS OLD ENGLISH WHITE BREAD 400G,£1.40/unit,1.4,£0.35 / 100g,0.35,100,g,3.5,kg,,
2015-11-04 09:44:22.874677,SAINSBURY,210111,"White Sliced Loaf, branded",http://www.sainsburys.co.uk/shop/gb/groceries/bakery/white-bread,sliced ,0.0,"WARBURTONS ORIGINAL SOFT WHITE LOAF, FARMHOUSE 400G",£0.80/unit,0.8,£0.20 / 100g,0.2,100,g,2.0,kg,,
2015-11-04 09:44:22.878077,SAINSBURY,211901,"Tea bags, per packet of 80, 250g",http://www.sainsburys.co.uk/shop/gb/groceries/drinks/everyday-tea,80 250g,0.0,TWININGS ASSAM LOOSE TEA 125G,£2.30/unit,2.3,£1.84 / 100g,1.84,100,g,18.4,kg,,
2015-11-04 09:44:22.880885,SAINSBURY,211901,"Tea bags, per packet of 80, 250g",http://www.sainsburys.co.uk/shop/gb/groceries/drinks/everyday-tea,80 250g,0.0,TWININGS ASSAM X40 TEA BAGS 100G,£2.70/unit,2.7,£2.16 / 100g,2.16,100,g,21.6,kg,,
2015-11-04 09:44:22.883430,SAINSBURY,211901,"Tea bags, per packet of 80, 250g",http://www.sainsburys.co.uk/shop/gb/groceries/drinks/everyday-tea,80 250g,0.0,TWININGS ASSAM X80 TEA BAGS 200G,£3.00/unit,3.0,£1.11 / 100g,1.11,100,g,11.1,kg,Only £3.00: Save £1.50,Only £3.00: Save £1.50
2015-11-04 09:44:22.887343,SAINSBURY,211901,"Tea bags, per packet of 80, 250g",http://www.sainsburys.co.uk/shop/gb/groceries/drinks/everyday-tea,80 250g,0.0,TWININGS ENGLISH AFTERNOON X50 TEA BAGS 125G,£2.80/unit,2.8,£2.24 / 100g,2.24,100,g,22.4,kg,,
2015-11-04 09:44:22.894029,SAINSBURY,210302,Plain Biscuits (eg. Digestive),http://www.sainsburys.co.uk/shop/gb/groceries/food-cupboard/biscuit-barrel,digestives,0.0,SAINSBURY'S FREEFROM RICH TEA BISCUITS 150G,£1.35/unit,1.35,£0.90 / 100g,0.9,100,g,9.0,kg,,
2015-11-04 09:44:22.899773,SAINSBURY,210302,Plain Biscuits (eg. Digestive),http://www.sainsburys.co.uk/shop/gb/groceries/food-cupboard/biscuit-barrel,digestives,0.0,SAINSBURY'S GARIBALDI BISCUITS 200G,£1.00/unit,1.0,£0.50 / 100g,0.5,100,g,5.0,kg,,
2015-11-04 09:44:22.907259,SAINSBURY,310421,"Red Wine, European, bottle",http://www.sainsburys.co.uk/shop/gb/groceries/drinks/red-wine,red wine ,0.0,CHÂTEAU GRAND BARRAIL ST EMILLION GRAND CRU 75CL,£22.00/unit,22.0,£22.00 / 75cl,22.0,75,cl,29.3333,l,Buy any 6 or more save 25%,Buy any 6 or more save 25%
2015-11-04 09:44:22.913552,SAINSBURY,310421,"Red Wine, European, bottle",http://www.sainsburys.co.uk/shop/gb/groceries/drinks/red-wine,red wine ,0.0,CHÂTEAU LA TULIPE DE LA GARDE BORDEAUX SUPERIEURE 75CL,£10.00/unit,10.0,£10.00 / 75cl,10.0,75,cl,13.3333,l,Buy any 6 or more save 25%,Buy any 6 or more save 25%
2015-11-04 09:44:22.917067,SAINSBURY,210111,"White Sliced Loaf, branded",http://www.sainsburys.co.uk/shop/gb/groceries/bakery/white-bread,sliced ,0.0,"WARBURTONS ORIGINAL SOFT WHITE LOAF, FARMHOUSE 800G",£1.45/unit,1.45,£0.18 / 100g,0.18,100,g,1.8,kg,,
2015-11-04 09:44:22.922054,SAINSBURY,210111,"White Sliced Loaf, branded",http://www.sainsburys.co.uk/shop/gb/groceries/bakery/white-bread,sliced ,1.0,"WARBURTONS WEIGHT WATCHERS MALTED BREAD, DANISH SLICED 400G",£0.80/unit,0.8,£0.20 / 100g,0.2,100,g,2.0,kg,,
2015-11-04 09:44:22.926182,SAINSBURY,210111,"White Sliced Loaf, branded",http://www.sainsburys.co.uk/shop/gb/groceries/bakery/white-bread,sliced ,0.0,WARBURTONS WEIGHTWATCHERS WHITE DANISH 400G,£0.80/unit,0.8,£0.20 / 100g,0.2,100,g,2.0,kg,,
2015-11-04 09:44:22.937792,SAINSBURY,210302,Plain Biscuits (eg. Digestive),http://www.sainsburys.co.uk/shop/gb/groceries/food-cupboard/biscuit-barrel,digestives,0.0,"SAINSBURY'S GINGER NUT BISCUITS, SO ORGANIC 200G",£0.80/unit,0.8,£0.40 / 100g,0.4,100,g,4.0,kg,,
2015-11-04 09:44:22.941300,SAINSBURY,210302,Plain Biscuits (eg. Digestive),http://www.sainsburys.co.uk/shop/gb/groceries/food-cupboard/biscuit-barrel,digestives,0.0,SAINSBURY'S GINGER SNAPS 200G,£0.55/unit,0.55,£0.28 / 100g,0.28,100,g,2.8,kg,,
2015-11-04 09:44:22.944469,SAINSBURY,210302,Plain Biscuits (eg. Digestive),http://www.sainsburys.co.uk/shop/gb/groceries/food-cupboard/biscuit-barrel,digestives,0.0,SAINSBURY'S GINGER SNAPS 400G,£0.80/unit,0.8,£0.20 / 100g,0.2,100,g,2.0,kg,,
2015-11-04 09:44:22.949867,SAINSBURY,310421,"Red Wine, European, bottle",http://www.sainsburys.co.uk/shop/gb/groceries/drinks/red-wine,red wine ,0.0,CHÂTEAUNEUF DU PAPE LES COURLANDES 75CL,£10.00/unit,10.0,£10.00 / 75cl,10.0,75,cl,13.3333,l,"Only £10.00: Save £5.00,PLUS Buy any 6 or more save 25%","Only £10.00: Save £5.00,PLUS Buy any 6 or more save 25%"
2015-11-04 09:44:22.956579,SAINSBURY,310421,"Red Wine, European, bottle",http://www.sainsburys.co.uk/shop/gb/groceries/drinks/red-wine,red wine ,0.0,"CHÂTEAUNEUF DU PAPE, CLOS DE L'ORATOIRE 75CL",£18.00/unit,18.0,£18.00 / 75cl,18.0,75,cl,24.0,l,"Only £18.00: Save £2.00,PLUS Buy any 6 or more save 25%","Only £18.00: Save £2.00,PLUS Buy any 6 or more save 25%"
2015-11-04 09:44:22.959455,SAINSBURY,210111,"White Sliced Loaf, branded",http://www.sainsburys.co.uk/shop/gb/groceries/bakery/white-bread,sliced ,1.0,"WARBURTONS WHITE BREAD, MEDIUM SLICED 400G",£0.80/unit,0.8,£0.20 / 100g,0.2,100,g,2.0,kg,,
2015-11-04 09:44:22.962024,SAINSBURY,210111,"White Sliced Loaf, branded",http://www.sainsburys.co.uk/shop/gb/groceries/bakery/white-bread,sliced ,1.0,"WARBURTONS WHITE BREAD, MEDIUM SLICED 800G",£1.00/unit,1.0,£0.13 / 100g,0.13,100,g,1.3,kg,,
2015-11-04 09:44:22.964396,SAINSBURY,210111,"White Sliced Loaf, branded",http://www.sainsburys.co.uk/shop/gb/groceries/bakery/white-bread,sliced ,1.0,"WARBURTONS WHITE SLICED BREAD, TOASTIE 800G",£1.00/unit,1.0,£0.13 / 100g,0.13,100,g,1.3,kg,,
2015-11-04 09:44:22.970268,SAINSBURY,210302,Plain Biscuits (eg. Digestive),http://www.sainsburys.co.uk/shop/gb/groceries/food-cupboard/biscuit-barrel,digestives,0.0,"SAINSBURY'S GINGER SNAPS, BASICS 300G",£0.30/unit,0.3,£0.10 / 100g,0.1,100,g,1.0,kg,,
2015-11-04 09:44:22.973236,SAINSBURY,210302,Plain Biscuits (eg. Digestive),http://www.sainsburys.co.uk/shop/gb/groceries/food-cupboard/biscuit-barrel,digestives,0.0,SAINSBURY'S JAM SANDWICH CREAMS 150G,£0.55/unit,0.55,£0.37 / 100g,0.37,100,g,3.7,kg,,
2015-11-04 09:44:22.976082,SAINSBURY,210302,Plain Biscuits (eg. Digestive),http://www.sainsburys.co.uk/shop/gb/groceries/food-cupboard/biscuit-barrel,digestives,0.0,SAINSBURY'S MALTED MILK BISCUITS 200G,£0.55/unit,0.55,£0.28 / 100g,0.28,100,g,2.8,kg,,
2015-11-04 09:44:22.979043,SAINSBURY,210302,Plain Biscuits (eg. Digestive),http://www.sainsburys.co.uk/shop/gb/groceries/food-cupboard/biscuit-barrel,digestives,0.0,SAINSBURY'S NICE BISCUITS 250G,£0.55/unit,0.55,£0.22 / 100g,0.22,100,g,2.2,kg,,
2015-11-04 09:44:22.983230,SAINSBURY,310421,"Red Wine, European, bottle",http://www.sainsburys.co.uk/shop/gb/groceries/drinks/red-wine,red wine ,0.0,CLEARSPRINGS CABERNET SAUVIGNON MERLOT 75CL,£6.00/unit,6.0,£6.00 / 75cl,6.0,75,cl,8.0,l,"Only £6.00: Save £1.00,PLUS Buy any 6 or more save 25%","Only £6.00: Save £1.00,PLUS Buy any 6 or more save 25%"
2015-11-04 09:44:22.987200,SAINSBURY,310421,"Red Wine, European, bottle",http://www.sainsburys.co.uk/shop/gb/groceries/drinks/red-wine,red wine ,0.0,CLOS DE LOS SIETE 75CL,£15.00/unit,15.0,£15.00 / 75cl,15.0,75,cl,20.0,l,Buy any 6 or more save 25%,Buy any 6 or more save 25%
2015-11-04 09:44:22.991006,SAINSBURY,310421,"Red Wine, European, bottle",http://www.sainsburys.co.uk/shop/gb/groceries/drinks/red-wine,red wine ,0.0,CONDADO DE HAZA RIBERA DEL DUERO 75CL,£17.00/unit,17.0,£17.00 / 75cl,17.0,75,cl,22.6667,l,Buy any 6 or more save 25%,Buy any 6 or more save 25%
2015-11-04 09:44:22.997938,SAINSBURY,210302,Plain Biscuits (eg. Digestive),http://www.sainsburys.co.uk/shop/gb/groceries/food-cupboard/biscuit-barrel,digestives,0.0,SAINSBURY'S OATY BISCUITS 300G,£0.55/unit,0.55,£0.18 / 100g,0.18,100,g,1.8,kg,,
2015-11-04 09:44:23.000834,SAINSBURY,210302,Plain Biscuits (eg. Digestive),http://www.sainsburys.co.uk/shop/gb/groceries/food-cupboard/biscuit-barrel,digestives,0.0,SAINSBURY'S PINK WAFER 160G,£0.55/unit,0.55,£0.34 / 100g,0.34,100,g,3.4,kg,,
2015-11-04 09:44:23.003314,SAINSBURY,210302,Plain Biscuits (eg. Digestive),http://www.sainsburys.co.uk/shop/gb/groceries/food-cupboard/biscuit-barrel,digestives,0.0,SAINSBURY'S RICH TEA BISCUITS 200G,£0.55/unit,0.55,£0.28 / 100g,0.28,100,g,2.8,kg,,
2015-11-04 09:44:23.005585,SAINSBURY,210302,Plain Biscuits (eg. Digestive),http://www.sainsburys.co.uk/shop/gb/groceries/food-cupboard/biscuit-barrel,digestives,0.0,SAINSBURY'S RICH TEA BISCUITS 400G,£0.85/unit,0.85,£0.21 / 100g,0.21,100,g,2.1,kg,,
2015-11-04 09:44:23.009236,SAINSBURY,310421,"Red Wine, European, bottle",http://www.sainsburys.co.uk/shop/gb/groceries/drinks/red-wine,red wine ,0.0,CONO SUR BICICLETA MERLOT 75CL,£5.50/unit,5.5,£5.50 / 75cl,5.5,75,cl,7.3333,l,"Only £5.50: Save £1.50,PLUS Buy any 6 or more save 25%","Only £5.50: Save £1.50,PLUS Buy any 6 or more save 25%"
2015-11-04 09:44:23.013158,SAINSBURY,310421,"Red Wine, European, bottle",http://www.sainsburys.co.uk/shop/gb/groceries/drinks/red-wine,red wine ,0.0,CONO SUR PINOT NOIR 75CL,£7.00/unit,7.0,£7.00 / 75cl,7.0,75,cl,9.3333,l,Buy any 6 or more save 25%,Buy any 6 or more save 25%
2015-11-04 09:44:23.016576,SAINSBURY,310421,"Red Wine, European, bottle",http://www.sainsburys.co.uk/shop/gb/groceries/drinks/red-wine,red wine ,0.0,CONTENDA CABERNET SAUVIGNON 75CL,£5.00/unit,5.0,£5.00 / 75cl,5.0,75,cl,6.6667,l,Buy any 6 or more save 25%,Buy any 6 or more save 25%
2015-11-04 09:44:23.026143,SAINSBURY,310421,"Red Wine, European, bottle",http://www.sainsburys.co.uk/shop/gb/groceries/drinks/red-wine,red wine ,0.0,CONTENDA SHIRAZ 75CL,£5.00/unit,5.0,£5.00 / 75cl,5.0,75,cl,6.6667,l,"Buy any 3 for £12.00,PLUS Buy any 6 or more save 25%","Buy any 3 for £12.00,PLUS Buy any 6 or more save 25%"
2015-11-04 09:44:23.029539,SAINSBURY,310421,"Red Wine, European, bottle",http://www.sainsburys.co.uk/shop/gb/groceries/drinks/red-wine,red wine ,0.0,CROZES HERMITAGE CAVE DE TAIN 75CL,£10.00/unit,10.0,£10.00 / 75cl,10.0,75,cl,13.3333,l,Buy any 6 or more save 25%,Buy any 6 or more save 25%
2015-11-04 09:44:23.032646,SAINSBURY,310421,"Red Wine, European, bottle",http://www.sainsburys.co.uk/shop/gb/groceries/drinks/red-wine,red wine ,0.0,CRU DES CÔTES DU RHÔNE VINSOBRES 75CL,£10.00/unit,10.0,£10.00 / 75cl,10.0,75,cl,13.3333,l,Buy any 6 or more save 25%,Buy any 6 or more save 25%
2015-11-04 09:44:23.035589,SAINSBURY,310421,"Red Wine, European, bottle",http://www.sainsburys.co.uk/shop/gb/groceries/drinks/red-wine,red wine ,0.0,DARK HORSE CABERNET SAUVIGNON 75CL,£9.00/unit,9.0,£9.00 / 75cl,9.0,75,cl,12.0,l,Buy any 6 or more save 25%,Buy any 6 or more save 25%
2015-11-04 09:44:23.038647,SAINSBURY,310421,"Red Wine, European, bottle",http://www.sainsburys.co.uk/shop/gb/groceries/drinks/red-wine,red wine ,0.0,DELAS FRERES SAINT JOSEPH LES CHALLEYS 75CL,£15.00/unit,15.0,£15.00 / 75cl,15.0,75,cl,20.0,l,Buy any 6 or more save 25%,Buy any 6 or more save 25%
2015-11-04 09:44:23.041465,SAINSBURY,310421,"Red Wine, European, bottle",http://www.sainsburys.co.uk/shop/gb/groceries/drinks/red-wine,red wine ,0.0,DOMAINE DU COLOMBIER CHINON 75CL,£7.00/unit,7.0,£7.00 / 75cl,7.0,75,cl,9.3333,l,Buy any 6 or more save 25%,Buy any 6 or more save 25%
2015-11-04 09:44:23.044068,SAINSBURY,310421,"Red Wine, European, bottle",http://www.sainsburys.co.uk/shop/gb/groceries/drinks/red-wine,red wine ,0.5,ECHO FALLS RED 75CL,£5.00/unit,5.0,£5.00 / 75cl,5.0,75,cl,6.6667,l,Buy any 6 or more save 25%,Buy any 6 or more save 25%
2015-11-04 09:44:23.046502,SAINSBURY,310421,"Red Wine, European, bottle",http://www.sainsburys.co.uk/shop/gb/groceries/drinks/red-wine,red wine ,0.0,ERA COSTANA CRIANZA 75CL,£7.00/unit,7.0,£7.00 / 75cl,7.0,75,cl,9.3333,l,Buy any 6 or more save 25%,Buy any 6 or more save 25%
2015-11-04 09:44:23.097666,SAINSBURY,212717,"Apples, dessert, per kg",http://www.sainsburys.co.uk/shop/gb/groceries/fresh-fruit-veg/apples-pears-rhubarb,apples ,1.0,SAINSBURY'S JAZZ APPLES X4 (MINIMUM),£1.75/unit,1.75,£1.75 / 1 ea,1.75,1,ea,1.75,each,,
2015-11-04 09:44:23.101298,SAINSBURY,212717,"Apples, dessert, per kg",http://www.sainsburys.co.uk/shop/gb/groceries/fresh-fruit-veg/apples-pears-rhubarb,apples ,0.0,"SAINSBURY'S PEARS, BASICS X3 (MINIMUM)",£0.80/unit,0.8,£0.80 / 1 ea,0.8,1,ea,0.8,each,,
2015-11-04 09:44:23.104525,SAINSBURY,212717,"Apples, dessert, per kg",http://www.sainsburys.co.uk/shop/gb/groceries/fresh-fruit-veg/apples-pears-rhubarb,apples ,0.0,"SAINSBURY'S PEARS, RIPE & READY X4 (MINIMUM)",£1.50/unit,1.5,£1.50 / 1 ea,1.5,1,ea,1.5,each,Only £1.50: Save 50p,Only £1.50: Save 50p
2015-11-04 09:44:23.107745,SAINSBURY,212717,"Apples, dessert, per kg",http://www.sainsburys.co.uk/shop/gb/groceries/fresh-fruit-veg/apples-pears-rhubarb,apples ,0.0,"SAINSBURY'S PEARS, SO ORGANIC X4 (MINIMUM)",£1.90/unit,1.9,£1.90 / 1 kg,1.9,1,kg,1.9,kg,,
2015-11-04 09:44:23.110714,SAINSBURY,212717,"Apples, dessert, per kg",http://www.sainsburys.co.uk/shop/gb/groceries/fresh-fruit-veg/apples-pears-rhubarb,apples ,0.0,"SAINSBURY'S PEARS, TASTE THE DIFFERENCE X4 (MINIMUM)",£2.25/unit,2.25,£2.25 / 1 kg,2.25,1,kg,2.25,kg,,
2015-11-04 09:44:23.122720,SAINSBURY,212717,"Apples, dessert, per kg",http://www.sainsburys.co.uk/shop/gb/groceries/fresh-fruit-veg/apples-pears-rhubarb,apples ,0.0,SAINSBURY'S PINK LADY APPLE SNACK PACK 80G,£0.50/unit,0.5,£6.25 / 1 ea,6.25,1,ea,6.25,each,Meal Deal for £3.00,Meal Deal for £3.00
2015-11-04 09:44:23.126394,SAINSBURY,212717,"Apples, dessert, per kg",http://www.sainsburys.co.uk/shop/gb/groceries/fresh-fruit-veg/apples-pears-rhubarb,apples ,1.0,SAINSBURY'S PINK LADY APPLES LOOSE,£3.00/kg,3.0,£3.00 / 1 kg,3.0,1,kg,3.0,kg,,
2015-11-04 09:44:23.130188,SAINSBURY,212717,"Apples, dessert, per kg",http://www.sainsburys.co.uk/shop/gb/groceries/fresh-fruit-veg/apples-pears-rhubarb,apples ,1.0,SAINSBURY'S RED DESSERT APPLES X5 (MINIMUM),£1.00/unit,1.0,£1.00 / 1 ea,1.0,1,ea,1.0,each,,
2015-11-04 09:44:23.134542,SAINSBURY,212717,"Apples, dessert, per kg",http://www.sainsburys.co.uk/shop/gb/groceries/fresh-fruit-veg/apples-pears-rhubarb,apples ,0.0,SAINSBURY'S RHUBARB 400G,£2.50/unit,2.5,£6.25 / 1 kg,6.25,1,kg,6.25,kg,,
2015-11-04 09:44:23.137028,SAINSBURY,212717,"Apples, dessert, per kg",http://www.sainsburys.co.uk/shop/gb/groceries/fresh-fruit-veg/apples-pears-rhubarb,apples ,0.0,"SAINSBURY'S RIPE & READY RED PEAR, SO ORGANIC X4",£1.50/unit,1.5,£0.38 / 1 ea,0.38,1,ea,0.38,each,,
2015-11-04 09:44:23.139343,SAINSBURY,212717,"Apples, dessert, per kg",http://www.sainsburys.co.uk/shop/gb/groceries/fresh-fruit-veg/apples-pears-rhubarb,apples ,1.0,SAINSBURY'S ROYAL GALA APPLES LOOSE,£1.85/kg,1.85,£1.85 / 1 ea,1.85,1,ea,1.85,each,,
2015-11-04 09:44:23.176465,SAINSBURY,310401,"Whisky, bottle",http://www.sainsburys.co.uk/shop/gb/groceries/drinks/all-whisky,whisky,0.0,GLENLIVET FOUNDERS RESERVE SINGLE MALT 35CL,£14.00/unit,14.0,£40.00 / 1 ltr,40.0,1,ltr,40.0,l,Only £14.00: Save £4.00,Only £14.00: Save £4.00
2015-11-04 09:44:23.183317,SAINSBURY,310401,"Whisky, bottle",http://www.sainsburys.co.uk/shop/gb/groceries/drinks/all-whisky,whisky,0.0,GLENLIVET FOUNDERS RESERVE SINGLE MALT 70CL,£32.00/unit,32.0,£45.71 / 1 ltr,45.71,1,ltr,45.71,l,,
2015-11-04 09:44:23.189259,SAINSBURY,310401,"Whisky, bottle",http://www.sainsburys.co.uk/shop/gb/groceries/drinks/all-whisky,whisky,1.0,GLENMORANGIE HIGHLAND SINGLE MALT WHISKY 1L,£45.00/unit,45.0,£45.00 / 1 ltr,45.0,1,ltr,45.0,l,,
2015-11-04 09:44:23.195384,SAINSBURY,310401,"Whisky, bottle",http://www.sainsburys.co.uk/shop/gb/groceries/drinks/all-whisky,whisky,0.0,GLENMORANGIE MID WINTER DRAM 70CL,£40.00/unit,40.0,£57.14 / 1 ltr,57.14,1,ltr,57.14,l,,
2015-11-04 09:44:23.208848,SAINSBURY,310401,"Whisky, bottle",http://www.sainsburys.co.uk/shop/gb/groceries/drinks/all-whisky,whisky,1.0,GLENMORANGIE ORIGINAL HIGHLAND 10 YEAR OLD SINGLE MALT WHISKY 35CL,£19.00/unit,19.0,£54.29 / 1 ltr,54.29,1,ltr,54.29,l,,
2015-11-04 09:44:23.214818,SAINSBURY,310401,"Whisky, bottle",http://www.sainsburys.co.uk/shop/gb/groceries/drinks/all-whisky,whisky,1.0,GLENMORANGIE ORIGINAL HIGHLAND 10 YEAR OLD SINGLE MALT WHISKY 70CL,£25.00/unit,25.0,£35.71 / 1 ltr,35.71,1,ltr,35.71,l,Only £25.00: Save £10.00,Only £25.00: Save £10.00
2015-11-04 09:44:23.223490,SAINSBURY,310401,"Whisky, bottle",http://www.sainsburys.co.uk/shop/gb/groceries/drinks/all-whisky,whisky,1.0,GLENROTHES SELECT RESERVE WHISKY 70CL,£35.00/unit,35.0,£50.00 / 1 ltr,50.0,1,ltr,50.0,l,,
2015-11-04 09:44:23.228884,SAINSBURY,310401,"Whisky, bottle",http://www.sainsburys.co.uk/shop/gb/groceries/drinks/all-whisky,whisky,1.0,GRANT'S ALE CASK WHISKY 70CL,£17.00/unit,17.0,£24.29 / 1 ltr,24.29,1,ltr,24.29,l,,
2015-11-04 09:44:23.254017,SAINSBURY,310401,"Whisky, bottle",http://www.sainsburys.co.uk/shop/gb/groceries/drinks/all-whisky,whisky,1.0,GRANT'S SHERRY CASK WHISKY 70CL,£17.00/unit,17.0,£24.29 / 1 ltr,24.29,1,ltr,24.29,l,,
2015-11-04 09:44:23.258511,SAINSBURY,310401,"Whisky, bottle",http://www.sainsburys.co.uk/shop/gb/groceries/drinks/all-whisky,whisky,1.0,GRANT'S SIGNATURE BLENDED WHISKY 70CL,£19.00/unit,19.0,£27.14 / 1 ltr,27.14,1,ltr,27.14,l,,
2015-11-04 09:44:23.262921,SAINSBURY,310401,"Whisky, bottle",http://www.sainsburys.co.uk/shop/gb/groceries/drinks/all-whisky,whisky,1.0,GRANT'S WHISKY 1L,£20.00/unit,20.0,£20.00 / 1 ltr,20.0,1,ltr,20.0,l,,
2015-11-04 09:44:23.270531,SAINSBURY,310419,"White Wine, European, bottle",http://www.sainsburys.co.uk/shop/gb/groceries/drinks/white-wine,white wine,0.0,CHABLIS PREMIÈR CRU BROCARD 75CL,£16.00/unit,16.0,£16.00 / 75cl,16.0,75,cl,21.3333,l,Buy any 6 or more save 25%,Buy any 6 or more save 25%
2015-11-04 09:44:23.276494,SAINSBURY,310419,"White Wine, European, bottle",http://www.sainsburys.co.uk/shop/gb/groceries/drinks/white-wine,white wine,0.0,CHATEAU LE BERNET GRAVES 75CL,£7.00/unit,7.0,£7.00 / 75cl,7.0,75,cl,9.3333,l,"Only £7.00: Save £2.00,PLUS Buy any 6 or more save 25%","Only £7.00: Save £2.00,PLUS Buy any 6 or more save 25%"
2015-11-04 09:44:23.281851,SAINSBURY,310401,"Whisky, bottle",http://www.sainsburys.co.uk/shop/gb/groceries/drinks/all-whisky,whisky,1.0,GRANT'S WHISKY 35CL,£9.50/unit,9.5,£27.14 / 1 ltr,27.14,1,ltr,27.14,l,,
2015-11-04 09:44:23.285962,SAINSBURY,310401,"Whisky, bottle",http://www.sainsburys.co.uk/shop/gb/groceries/drinks/all-whisky,whisky,1.0,GRANT'S WHISKY 70CL,£11.00/unit,11.0,£15.72 / 1 ltr,15.72,1,ltr,15.72,l,Only £11.00: Save £4.00,Only £11.00: Save £4.00
2015-11-04 09:44:23.290041,SAINSBURY,310401,"Whisky, bottle",http://www.sainsburys.co.uk/shop/gb/groceries/drinks/all-whisky,whisky,1.0,HAKUSHU DISTILLERS RESERVE MALT WHISKY 70CL,£45.00/unit,45.0,£64.29 / 1 ltr,64.29,1,ltr,64.29,l,,
2015-11-04 09:44:23.295792,SAINSBURY,310419,"White Wine, European, bottle",http://www.sainsburys.co.uk/shop/gb/groceries/drinks/white-wine,white wine,0.0,CHENIN TRÉSOR DE LOIRE CHENIN BLANC CUVÉE 845 75CL,£7.00/unit,7.0,£7.00 / 75cl,7.0,75,cl,9.3333,l,Buy any 6 or more save 25%,Buy any 6 or more save 25%
2015-11-04 09:44:23.302943,SAINSBURY,310419,"White Wine, European, bottle",http://www.sainsburys.co.uk/shop/gb/groceries/drinks/white-wine,white wine,0.0,CLEARSPRINGS SAUVIGNON BLANC 225CL,£14.00/unit,14.0,£4.66 / 75cl,4.66,75,cl,6.2133,l,"Only £14.00: Save £2.00,PLUS Buy any 6 or more save 25%","Only £14.00: Save £2.00,PLUS Buy any 6 or more save 25%"
2015-11-04 09:44:23.307213,SAINSBURY,310401,"Whisky, bottle",http://www.sainsburys.co.uk/shop/gb/groceries/drinks/all-whisky,whisky,1.0,HIGHLAND PARK 12 YEAR OLD MALT WHISKY 70CL,£29.00/unit,29.0,£41.43 / 1 ltr,41.43,1,ltr,41.43,l,Only £29.00: Save £6.00,Only £29.00: Save £6.00
2015-11-04 09:44:23.311703,SAINSBURY,310401,"Whisky, bottle",http://www.sainsburys.co.uk/shop/gb/groceries/drinks/all-whisky,whisky,1.0,ISLE OF JURA 10 YEAR OLD MALT WHISKY 70CL,£30.00/unit,30.0,£42.86 / 1 ltr,42.86,1,ltr,42.86,l,,
2015-11-04 09:44:23.315528,SAINSBURY,310401,"Whisky, bottle",http://www.sainsburys.co.uk/shop/gb/groceries/drinks/all-whisky,whisky,1.0,ISLE OF JURA ELIXIR 12 YEAR OLD MALT WHISKY 70CL,£28.00/unit,28.0,£40.00 / 1 ltr,40.0,1,ltr,40.0,l,Only £28.00: Save £7.00,Only £28.00: Save £7.00
2015-11-04 09:44:23.321309,SAINSBURY,310419,"White Wine, European, bottle",http://www.sainsburys.co.uk/shop/gb/groceries/drinks/white-wine,white wine,0.0,CLEARSPRINGS SAUVIGNON BLANC 75CL,£6.00/unit,6.0,£6.00 / 75cl,6.0,75,cl,8.0,l,"Only £6.00: Save £1.00,PLUS Buy any 6 or more save 25%","Only £6.00: Save £1.00,PLUS Buy any 6 or more save 25%"
2015-11-04 09:44:23.329104,SAINSBURY,310419,"White Wine, European, bottle",http://www.sainsburys.co.uk/shop/gb/groceries/drinks/white-wine,white wine,0.0,CLOSERIE DES ALLISIERS MEURSAULT VIEILLES VIGNES 75CL,£25.00/unit,25.0,£25.00 / 75cl,25.0,75,cl,33.3333,l,Buy any 6 or more save 25%,Buy any 6 or more save 25%
2015-11-04 09:44:23.333998,SAINSBURY,310401,"Whisky, bottle",http://www.sainsburys.co.uk/shop/gb/groceries/drinks/all-whisky,whisky,1.0,ISLE OF JURA ORIGIN 10 YR SINGLE MALT WHISKY 35CL,£17.00/unit,17.0,£48.57 / 1 ltr,48.57,1,ltr,48.57,l,,
2015-11-04 09:44:23.337481,SAINSBURY,310401,"Whisky, bottle",http://www.sainsburys.co.uk/shop/gb/groceries/drinks/all-whisky,whisky,1.0,ISLE OF JURA PROPHECY MALT WHISKY 70CL,£45.00/unit,45.0,£64.29 / 1 ltr,64.29,1,ltr,64.29,l,,
2015-11-04 09:44:23.340871,SAINSBURY,310401,"Whisky, bottle",http://www.sainsburys.co.uk/shop/gb/groceries/drinks/all-whisky,whisky,1.0,ISLE OF JURA SUPERSTITION MALT WHISKY 35CL,£14.00/unit,14.0,£40.00 / 1 ltr,40.0,1,ltr,40.0,l,Only £14.00: Save £3.00,Only £14.00: Save £3.00
2015-11-04 09:44:23.347276,SAINSBURY,310419,"White Wine, European, bottle",http://www.sainsburys.co.uk/shop/gb/groceries/drinks/white-wine,white wine,0.0,CLOUDY BAY CHARDONNAY 75CL,£20.00/unit,20.0,£20.00 / 75cl,20.0,75,cl,26.6667,l,Buy any 6 or more save 25%,Buy any 6 or more save 25%
2015-11-04 09:44:23.352380,SAINSBURY,310419,"White Wine, European, bottle",http://www.sainsburys.co.uk/shop/gb/groceries/drinks/white-wine,white wine,1.0,CLOUDY BAY PELORUS SPARKLING WHITE NEW ZEALAND WINE 75CL,£20.00/unit,20.0,£20.00 / 75cl,20.0,75,cl,26.6667,l,Buy any 6 or more save 25%,Buy any 6 or more save 25%
2015-11-04 09:44:23.355863,SAINSBURY,310401,"Whisky, bottle",http://www.sainsburys.co.uk/shop/gb/groceries/drinks/all-whisky,whisky,1.0,ISLE OF JURA SUPERSTITION MALT WHISKY 70CL,£30.00/unit,30.0,£42.86 / 1 ea,42.86,1,ea,42.86,each,,
2015-11-04 09:44:23.360301,SAINSBURY,310401,"Whisky, bottle",http://www.sainsburys.co.uk/shop/gb/groceries/drinks/all-whisky,whisky,0.0,JACK DANIEL'S GENTLEMAN JACK WHISKEY 70CL,£30.00/unit,30.0,£42.86 / 1 ltr,42.86,1,ltr,42.86,l,,
2015-11-04 09:44:23.365257,SAINSBURY,310401,"Whisky, bottle",http://www.sainsburys.co.uk/shop/gb/groceries/drinks/all-whisky,whisky,0.0,JACK DANIEL'S HONEY WHISKEY TUMBLER & MINIATURE 5CL,£5.00/unit,5.0,£5.00 / 1 ltr,5.0,1,ltr,5.0,l,,
2015-11-04 09:44:23.371915,SAINSBURY,310419,"White Wine, European, bottle",http://www.sainsburys.co.uk/shop/gb/groceries/drinks/white-wine,white wine,0.0,CLOUDY BAY SAUVIGNON BLANC 75CL,£21.00/unit,21.0,£21.00 / 75cl,21.0,75,cl,28.0,l,Buy any 6 or more save 25%,Buy any 6 or more save 25%
2015-11-04 09:44:23.379926,SAINSBURY,310419,"White Wine, European, bottle",http://www.sainsburys.co.uk/shop/gb/groceries/drinks/white-wine,white wine,0.0,CONTENDA CHARDONNAY 75CL,£5.00/unit,5.0,£5.00 / 75cl,5.0,75,cl,6.6667,l,"Buy any 3 for £12.00,PLUS Buy any 6 or more save 25%","Buy any 3 for £12.00,PLUS Buy any 6 or more save 25%"
2015-11-04 09:44:23.384421,SAINSBURY,310401,"Whisky, bottle",http://www.sainsburys.co.uk/shop/gb/groceries/drinks/all-whisky,whisky,0.0,JACK DANIEL'S MASTER DISTILLER NO.1 70CL,£25.00/unit,25.0,£35.71 / 1 ltr,35.71,1,ltr,35.71,l,,
2015-11-04 09:44:23.387297,SAINSBURY,310401,"Whisky, bottle",http://www.sainsburys.co.uk/shop/gb/groceries/drinks/all-whisky,whisky,0.0,JACK DANIEL'S SINGLE BARREL WHISKEY 70CL,£40.00/unit,40.0,£57.14 / 1 ltr,57.14,1,ltr,57.14,l,,
2015-11-04 09:44:23.389917,SAINSBURY,310401,"Whisky, bottle",http://www.sainsburys.co.uk/shop/gb/groceries/drinks/all-whisky,whisky,0.0,JACK DANIEL'S TENNESSEE HONEY WHISKEY 1L,£20.00/unit,20.0,£20.00 / 1 ltr,20.0,1,ltr,20.0,l,Only £20.00: Save £10.00,Only £20.00: Save £10.00
2015-11-04 09:44:23.393709,SAINSBURY,310401,"Whisky, bottle",http://www.sainsburys.co.uk/shop/gb/groceries/drinks/all-whisky,whisky,0.0,JACK DANIEL'S TENNESSEE HONEY WHISKEY 70CL,£22.00/unit,22.0,£31.43 / 1 ltr,31.43,1,ltr,31.43,l,,
2015-11-04 09:44:23.401126,SAINSBURY,310419,"White Wine, European, bottle",http://www.sainsburys.co.uk/shop/gb/groceries/drinks/white-wine,white wine,0.0,COUNTRY MANOR PERRY 3L,£5.00/unit,5.0,£1.25 / 75cl,1.25,75,cl,1.6667,l,Buy any 6 or more save 25%,Buy any 6 or more save 25%
2015-11-04 09:44:23.406058,SAINSBURY,310419,"White Wine, European, bottle",http://www.sainsburys.co.uk/shop/gb/groceries/drinks/white-wine,white wine,0.0,DARK HORSE CHARDONNAY 75CL,£9.00/unit,9.0,£9.00 / 75cl,9.0,75,cl,12.0,l,Buy any 6 or more save 25%,Buy any 6 or more save 25%
2015-11-04 09:44:23.409622,SAINSBURY,310401,"Whisky, bottle",http://www.sainsburys.co.uk/shop/gb/groceries/drinks/all-whisky,whisky,0.0,JACK DANIEL'S WHISKEY 1L,£20.00/unit,20.0,£20.00 / 1 ltr,20.0,1,ltr,20.0,l,Only £20.00: Save £10.00,Only £20.00: Save £10.00
2015-11-04 09:44:23.421656,SAINSBURY,310419,"White Wine, European, bottle",http://www.sainsburys.co.uk/shop/gb/groceries/drinks/white-wine,white wine,0.0,DR LOOSEN GRAACHER HIMMELREICH RIESLING KABINETT 75CL,£13.00/unit,13.0,£13.00 / 75cl,13.0,75,cl,17.3333,l,Buy any 6 or more save 25%,Buy any 6 or more save 25%
2015-11-04 09:44:23.427380,SAINSBURY,310419,"White Wine, European, bottle",http://www.sainsburys.co.uk/shop/gb/groceries/drinks/white-wine,white wine,0.0,DR LOOSEN RIESLING 75CL,£7.00/unit,7.0,£7.00 / 75cl,7.0,75,cl,9.3333,l,Buy any 6 or more save 25%,Buy any 6 or more save 25%
2015-11-04 09:44:23.433090,SAINSBURY,310419,"White Wine, European, bottle",http://www.sainsburys.co.uk/shop/gb/groceries/drinks/white-wine,white wine,0.0,ECHO FALLS CHARDONNAY 75CL,£6.50/unit,6.5,£6.50 / 75cl,6.5,75,cl,8.6667,l,Buy any 6 or more save 25%,Buy any 6 or more save 25%
2015-11-04 09:44:23.437190,SAINSBURY,310419,"White Wine, European, bottle",http://www.sainsburys.co.uk/shop/gb/groceries/drinks/white-wine,white wine,1.0,ECHO FALLS FRUIT FUSION WHITE PEACH & MANGO WINE 75CL,£5.00/unit,5.0,£5.00 / 75cl,5.0,75,cl,6.6667,l,Buy any 6 or more save 25%,Buy any 6 or more save 25%
2015-11-04 09:44:23.441393,SAINSBURY,310419,"White Wine, European, bottle",http://www.sainsburys.co.uk/shop/gb/groceries/drinks/white-wine,white wine,0.5,ECHO FALLS WHITE 75CL,£5.00/unit,5.0,£5.00 / 75cl,5.0,75,cl,6.6667,l,Buy any 6 or more save 25%,Buy any 6 or more save 25%
2015-11-04 09:44:23.445646,SAINSBURY,310419,"White Wine, European, bottle",http://www.sainsburys.co.uk/shop/gb/groceries/drinks/white-wine,white wine,0.0,ELEGANT FROG VIOGNIER 75CL,£8.00/unit,8.0,£8.00 / 75cl,8.0,75,cl,10.6667,l,Buy any 6 or more save 25%,Buy any 6 or more save 25%
2015-11-04 09:44:23.449528,SAINSBURY,310419,"White Wine, European, bottle",http://www.sainsburys.co.uk/shop/gb/groceries/drinks/white-wine,white wine,0.0,FAIRBANK WINES SEMILLON 75CL,£8.00/unit,8.0,£8.00 / 75cl,8.0,75,cl,10.6667,l,Buy any 6 or more save 25%,Buy any 6 or more save 25%
2015-11-04 09:44:23.453127,SAINSBURY,310419,"White Wine, European, bottle",http://www.sainsburys.co.uk/shop/gb/groceries/drinks/white-wine,white wine,0.0,FIRST CAPE LIGHT PINOT GRIGIO 75CL,£3.50/unit,3.5,£3.50 / 75cl,3.5,75,cl,4.6667,l,Buy any 6 or more save 25%,Buy any 6 or more save 25%
2015-11-04 09:44:23.456847,SAINSBURY,310419,"White Wine, European, bottle",http://www.sainsburys.co.uk/shop/gb/groceries/drinks/white-wine,white wine,0.0,FIRST CAPE LIGHT SAUVIGNON BLANC 75CL,£3.50/unit,3.5,£3.50 / 75cl,3.5,75,cl,4.6667,l,Buy any 6 or more save 25%,Buy any 6 or more save 25%
2015-11-04 09:44:23.462045,SAINSBURY,310419,"White Wine, European, bottle",http://www.sainsburys.co.uk/shop/gb/groceries/drinks/white-wine,white wine,0.0,"FIRST CAPE SAUVIGNON BLANC, LIMITED RELEASE 75CL",£6.50/unit,6.5,£6.50 / 75cl,6.5,75,cl,8.6667,l,Buy any 6 or more save 25%,Buy any 6 or more save 25%
2015-11-04 09:44:23.465388,SAINSBURY,310419,"White Wine, European, bottle",http://www.sainsburys.co.uk/shop/gb/groceries/drinks/white-wine,white wine,0.0,GALLO FAMILY VINEYARDS CHARDONNAY 75CL,£5.25/unit,5.25,£5.25 / 75cl,5.25,75,cl,7.0,l,"Only £5.25: Save £1.25,PLUS Buy any 6 or more save 25%","Only £5.25: Save £1.25,PLUS Buy any 6 or more save 25%"
2015-11-04 09:44:23.468735,SAINSBURY,310419,"White Wine, European, bottle",http://www.sainsburys.co.uk/shop/gb/groceries/drinks/white-wine,white wine,0.0,GALLO FAMILY VINEYARDS MOSCATO 75CL,£6.50/unit,6.5,£6.50 / 75cl,6.5,75,cl,8.6667,l,Buy any 6 or more save 25%,Buy any 6 or more save 25%
2015-11-04 09:44:23.471722,SAINSBURY,310419,"White Wine, European, bottle",http://www.sainsburys.co.uk/shop/gb/groceries/drinks/white-wine,white wine,0.0,GALLO FAMILY VINEYARDS PINOT GRIGIO 75CL,£6.50/unit,6.5,£6.50 / 75cl,6.5,75,cl,8.6667,l,Buy any 6 or more save 25%,Buy any 6 or more save 25%
2015-11-04 09:44:23.474782,SAINSBURY,310419,"White Wine, European, bottle",http://www.sainsburys.co.uk/shop/gb/groceries/drinks/white-wine,white wine,0.5,GALLO FAMILY VINEYARDS SUMMER WHITE 75CL,£6.00/unit,6.0,£6.00 / 75cl,6.0,75,cl,8.0,l,Buy any 6 or more save 25%,Buy any 6 or more save 25%
2015-11-04 09:44:23.477667,SAINSBURY,310419,"White Wine, European, bottle",http://www.sainsburys.co.uk/shop/gb/groceries/drinks/white-wine,white wine,0.0,GIESEN ESTATES SAUVIGNON BLANC 75CL,£8.00/unit,8.0,£8.00 / 75cl,8.0,75,cl,10.6667,l,Buy any 6 or more save 25%,Buy any 6 or more save 25%
2015-11-04 09:44:23.480475,SAINSBURY,310419,"White Wine, European, bottle",http://www.sainsburys.co.uk/shop/gb/groceries/drinks/white-wine,white wine,0.0,GLEN RIDGE POINT SAUVIGNON BLANC 75CL,£6.50/unit,6.5,£6.50 / 75cl,6.5,75,cl,8.6667,l,"Only £6.50: Save £1.50,PLUS Buy any 6 or more save 25%","Only £6.50: Save £1.50,PLUS Buy any 6 or more save 25%"
2015-11-04 09:44:23.506715,SAINSBURY,212360,"Potatoes, old, white",http://www.sainsburys.co.uk/shop/gb/groceries/fresh-fruit-veg/potatoes,old white potatoes ,0.33,SAINSBURY'S SWEET POTATOES (LOOSE),£1.25/kg,1.25,£1.25 / 1 kg,1.25,1,kg,1.25,kg,,
2015-11-04 09:44:23.510672,SAINSBURY,212360,"Potatoes, old, white",http://www.sainsburys.co.uk/shop/gb/groceries/fresh-fruit-veg/potatoes,old white potatoes ,0.33,SAINSBURY'S SWEET POTATOES 1.25KG,£1.50/unit,1.5,£1.20 / 1 kg,1.2,1,kg,1.2,kg,,
2015-11-04 09:44:23.513747,SAINSBURY,212360,"Potatoes, old, white",http://www.sainsburys.co.uk/shop/gb/groceries/fresh-fruit-veg/potatoes,old white potatoes ,0.0,"SAINSBURY'S SWEET POTATOES, SO ORGANIC 750G",£2.00/unit,2.0,£2.67 / 1 kg,2.67,1,kg,2.67,kg,,
2015-11-04 09:44:23.516597,SAINSBURY,212360,"Potatoes, old, white",http://www.sainsburys.co.uk/shop/gb/groceries/fresh-fruit-veg/potatoes,old white potatoes ,0.0,"SAINSBURY'S VIVALDI BAKING POTATOES, TASTE THE DIFFERENCE X4",£1.25/unit,1.25,£1.79 / 1 kg,1.79,1,kg,1.79,kg,,
2015-11-04 09:44:23.519216,SAINSBURY,212360,"Potatoes, old, white",http://www.sainsburys.co.uk/shop/gb/groceries/fresh-fruit-veg/potatoes,old white potatoes ,0.0,"SAINSBURY'S VIVALDI SALAD POTATOES, TASTE THE DIFFERENCE 1KG",£1.50/unit,1.5,£1.50 / 1 kg,1.5,1,kg,1.5,kg,,
2015-11-04 09:44:23.522052,SAINSBURY,212360,"Potatoes, old, white",http://www.sainsburys.co.uk/shop/gb/groceries/fresh-fruit-veg/potatoes,old white potatoes ,0.33,"SAINSBURY'S VIVALDI WHITE POTATOES, TASTE THE DIFFERENCE 2KG",£2.00/unit,2.0,£1.00 / 1 kg,1.0,1,kg,1.0,kg,,
2015-11-04 09:44:23.525011,SAINSBURY,212360,"Potatoes, old, white",http://www.sainsburys.co.uk/shop/gb/groceries/fresh-fruit-veg/potatoes,old white potatoes ,0.67,SAINSBURY'S WHITE FLESH SWEET POTATOES 750G,£1.50/unit,1.5,£2.00 / 1 kg,2.0,1,kg,2.0,kg,,
2015-11-04 09:44:23.610095,SAINSBURY,212017,Fizzy bottled drink,http://www.sainsburys.co.uk/shop/gb/groceries/drinks/fruit-flavoured,bottle,0.0,"JOHN CRABBIE'S SCOTTISH RASPBERRY WITH A TWIST OF GINGER, NON ALCOHOLIC 700ML",£2.00/unit,2.0,£0.29 / 100ml,0.29,100,ml,2.9,l,,
2015-11-04 09:44:23.615561,SAINSBURY,212017,Fizzy bottled drink,http://www.sainsburys.co.uk/shop/gb/groceries/drinks/fruit-flavoured,bottle,0.0,"LAIMON FRESH SPARKLING LEMON, LIME & MINT DRINK 1.5L",£1.50/unit,1.5,£0.10 / 100ml,0.1,100,ml,1.0,l,,
2015-11-04 09:44:23.626608,SAINSBURY,212017,Fizzy bottled drink,http://www.sainsburys.co.uk/shop/gb/groceries/drinks/fruit-flavoured,bottle,0.0,LEVI ROOTS CARIBBEAN CRUSH 2L,£1.70/unit,1.7,£0.09 / 100ml,0.09,100,ml,0.9,l,,
2015-11-04 09:44:23.631935,SAINSBURY,212017,Fizzy bottled drink,http://www.sainsburys.co.uk/shop/gb/groceries/drinks/fruit-flavoured,bottle,0.0,LEVI ROOTS CARIBBEAN CRUSH ZERO WITH GRAPEFRUIT MANGO & PINEAPPLE 2L,£1.70/unit,1.7,£0.09 / 100ml,0.09,100,ml,0.9,l,,
2015-11-04 09:44:23.638410,SAINSBURY,212017,Fizzy bottled drink,http://www.sainsburys.co.uk/shop/gb/groceries/drinks/fruit-flavoured,bottle,0.0,LILT 2L,£1.85/unit,1.85,£0.09 / 100ml,0.09,100,ml,0.9,l,,
2015-11-04 09:44:23.643385,SAINSBURY,212017,Fizzy bottled drink,http://www.sainsburys.co.uk/shop/gb/groceries/drinks/fruit-flavoured,bottle,0.0,LILT PINEAPPLE & GRAPEFRUIT 6X330ML,£3.20/unit,3.2,£0.16 / 100ml,0.16,100,ml,1.6,l,Buy any 2 for £6.00,Buy any 2 for £6.00
2015-11-04 09:44:23.660991,SAINSBURY,310218,"Apple Cider, bottle, 4.5%-5.5% ABV",http://www.sainsburys.co.uk/shop/gb/groceries/drinks/cider,apple cider,0.0,STELLA ARTOIS CIDRE 568ML,£2.00/unit,2.0,£3.52 / 1 ltr,3.52,1,ltr,3.52,l,Buy any 3 for £5.00,Buy any 3 for £5.00
2015-11-04 09:44:23.667177,SAINSBURY,212017,Fizzy bottled drink,http://www.sainsburys.co.uk/shop/gb/groceries/drinks/fruit-flavoured,bottle,0.0,"LILT PINEAPPLE & GRAPEFRUIT, ZERO 2L",£1.85/unit,1.85,£0.09 / 100ml,0.09,100,ml,0.9,l,,
2015-11-04 09:44:23.671981,SAINSBURY,212017,Fizzy bottled drink,http://www.sainsburys.co.uk/shop/gb/groceries/drinks/fruit-flavoured,bottle,0.0,"LILT PINEAPPLE & GRAPEFRUIT, ZERO 6X330ML",£3.20/unit,3.2,£0.16 / 100ml,0.16,100,ml,1.6,l,Buy any 2 for £6.00,Buy any 2 for £6.00
2015-11-04 09:44:23.677070,SAINSBURY,310218,"Apple Cider, bottle, 4.5%-5.5% ABV",http://www.sainsburys.co.uk/shop/gb/groceries/drinks/cider,apple cider,0.0,STELLA ARTOIS CIDRE PEAR 568ML,£2.00/unit,2.0,£3.52 / 1 ltr,3.52,1,ltr,3.52,l,Buy any 3 for £5.00,Buy any 3 for £5.00
2015-11-04 09:44:23.681589,SAINSBURY,310218,"Apple Cider, bottle, 4.5%-5.5% ABV",http://www.sainsburys.co.uk/shop/gb/groceries/drinks/cider,apple cider,0.0,STELLA ARTOIS CIDRE RASPBERRY 500ML,£2.00/unit,2.0,£4.00 / 1 ltr,4.0,1,ltr,4.0,l,Buy any 3 for £5.00,Buy any 3 for £5.00
2015-11-04 09:44:23.685949,SAINSBURY,310218,"Apple Cider, bottle, 4.5%-5.5% ABV",http://www.sainsburys.co.uk/shop/gb/groceries/drinks/cider,apple cider,0.0,STRONGBOW 4X440ML,£3.50/unit,3.5,£1.99 / 1 ltr,1.99,1,ltr,1.99,l,Only £3.50: Save 50p,Only £3.50: Save 50p
2015-11-04 09:44:23.691195,SAINSBURY,212017,Fizzy bottled drink,http://www.sainsburys.co.uk/shop/gb/groceries/drinks/fruit-flavoured,bottle,0.0,LUCOZADE ENERGY CHERRY 6X380ML,£3.70/unit,3.7,£0.16 / 100ml,0.16,100,ml,1.6,l,Buy any 2 for £5.00,Buy any 2 for £5.00
2015-11-04 09:44:23.696015,SAINSBURY,212017,Fizzy bottled drink,http://www.sainsburys.co.uk/shop/gb/groceries/drinks/fruit-flavoured,bottle,0.0,LUCOZADE ENERGY ORANGE 1L,£1.00/unit,1.0,£0.10 / 100ml,0.1,100,ml,1.0,l,Only £1.00: Save 50p,Only £1.00: Save 50p
2015-11-04 09:44:23.700469,SAINSBURY,212017,Fizzy bottled drink,http://www.sainsburys.co.uk/shop/gb/groceries/drinks/fruit-flavoured,bottle,0.0,LUCOZADE ENERGY ORANGE 500ML,£1.25/unit,1.25,£0.25 / 100ml,0.25,100,ml,2.5,l,Buy any 2 for £2.00,Buy any 2 for £2.00
2015-11-04 09:44:23.705038,SAINSBURY,310218,"Apple Cider, bottle, 4.5%-5.5% ABV",http://www.sainsburys.co.uk/shop/gb/groceries/drinks/cider,apple cider,0.5,STRONGBOW CIDER 2L,£3.30/unit,3.3,£1.65 / 1 ltr,1.65,1,ltr,1.65,l,,
2015-11-04 09:44:23.709315,SAINSBURY,310218,"Apple Cider, bottle, 4.5%-5.5% ABV",http://www.sainsburys.co.uk/shop/gb/groceries/drinks/cider,apple cider,0.5,STRONGBOW CLOUDY APPLE 10X440ML,£11.00/unit,11.0,£2.50 / 1 ltr,2.5,1,ltr,2.5,l,Buy any 2 for £18.00,Buy any 2 for £18.00
2015-11-04 09:44:23.713377,SAINSBURY,310218,"Apple Cider, bottle, 4.5%-5.5% ABV",http://www.sainsburys.co.uk/shop/gb/groceries/drinks/cider,apple cider,0.5,STRONGBOW CLOUDY APPLE 4X440ML,£4.00/unit,4.0,£2.27 / 1 ltr,2.27,1,ltr,2.27,l,Only £4.00: Save £1.00,Only £4.00: Save £1.00
2015-11-04 09:44:23.718961,SAINSBURY,212017,Fizzy bottled drink,http://www.sainsburys.co.uk/shop/gb/groceries/drinks/fruit-flavoured,bottle,0.0,LUCOZADE ENERGY ORANGE X6 380ML,£3.70/unit,3.7,£0.16 / 100ml,0.16,100,ml,1.6,l,Buy any 2 for £5.00,Buy any 2 for £5.00
2015-11-04 09:44:23.723237,SAINSBURY,212017,Fizzy bottled drink,http://www.sainsburys.co.uk/shop/gb/groceries/drinks/fruit-flavoured,bottle,0.0,LUCOZADE ENERGY ORIGINAL 1L,£1.00/unit,1.0,£0.10 / 100ml,0.1,100,ml,1.0,l,Only £1.00: Save 50p,Only £1.00: Save 50p
2015-11-04 09:44:23.727433,SAINSBURY,212017,Fizzy bottled drink,http://www.sainsburys.co.uk/shop/gb/groceries/drinks/fruit-flavoured,bottle,0.0,LUCOZADE ENERGY ORIGINAL 500ML,£1.25/unit,1.25,£0.25 / 100ml,0.25,100,ml,2.5,l,Buy any 2 for £2.00,Buy any 2 for £2.00
2015-11-04 09:44:23.731489,SAINSBURY,310218,"Apple Cider, bottle, 4.5%-5.5% ABV",http://www.sainsburys.co.uk/shop/gb/groceries/drinks/cider,apple cider,0.5,STRONGBOW DARK FRUIT CIDER 10X440ML,£11.00/unit,11.0,£2.50 / 1 ltr,2.5,1,ltr,2.5,l,Buy any 2 for £18.00,Buy any 2 for £18.00
2015-11-04 09:44:23.735309,SAINSBURY,310218,"Apple Cider, bottle, 4.5%-5.5% ABV",http://www.sainsburys.co.uk/shop/gb/groceries/drinks/cider,apple cider,0.5,STRONGBOW DARK FRUIT CIDER 4X440ML,£4.00/unit,4.0,£2.27 / 1 ltr,2.27,1,ltr,2.27,l,Only £4.00: Save £1.00,Only £4.00: Save £1.00
2015-11-04 09:44:23.738917,SAINSBURY,310218,"Apple Cider, bottle, 4.5%-5.5% ABV",http://www.sainsburys.co.uk/shop/gb/groceries/drinks/cider,apple cider,0.5,STRONGBOW ORIGINAL CIDER 15X440ML,£12.00/unit,12.0,£1.82 / 1 ltr,1.82,1,ltr,1.82,l,Buy any 2 for £18.00,Buy any 2 for £18.00
2015-11-04 09:44:23.743020,SAINSBURY,212017,Fizzy bottled drink,http://www.sainsburys.co.uk/shop/gb/groceries/drinks/fruit-flavoured,bottle,0.0,LUCOZADE ENERGY ORIGINAL X6 380ML,£3.70/unit,3.7,£0.16 / 100ml,0.16,100,ml,1.6,l,Buy any 2 for £5.00,Buy any 2 for £5.00
2015-11-04 09:44:23.746832,SAINSBURY,212017,Fizzy bottled drink,http://www.sainsburys.co.uk/shop/gb/groceries/drinks/fruit-flavoured,bottle,0.0,LUCOZADE ENERGY PINK LEMONADE 1L,£1.00/unit,1.0,£0.10 / 100ml,0.1,100,ml,1.0,l,Only £1.00: Save 50p,Only £1.00: Save 50p
2015-11-04 09:44:23.750488,SAINSBURY,212017,Fizzy bottled drink,http://www.sainsburys.co.uk/shop/gb/groceries/drinks/fruit-flavoured,bottle,0.0,LUCOZADE ENERGY PINK LEMONADE 500ML,£1.25/unit,1.25,£0.25 / 100ml,0.25,100,ml,2.5,l,Buy any 2 for £2.00,Buy any 2 for £2.00
2015-11-04 09:44:23.753953,SAINSBURY,310218,"Apple Cider, bottle, 4.5%-5.5% ABV",http://www.sainsburys.co.uk/shop/gb/groceries/drinks/cider,apple cider,0.5,STRONGBOW ORIGINAL CIDER 20X440ML,£11.00/unit,11.0,£1.25 / 1 ltr,1.25,1,ltr,1.25,l,Only £11.00: Save £4.00,Only £11.00: Save £4.00
2015-11-04 09:44:23.757438,SAINSBURY,310218,"Apple Cider, bottle, 4.5%-5.5% ABV",http://www.sainsburys.co.uk/shop/gb/groceries/drinks/cider,apple cider,0.5,STRONGBOW PEAR CIDER 4X440ML,£3.50/unit,3.5,£1.99 / 1 ltr,1.99,1,ltr,1.99,l,Only £3.50: Save 50p,Only £3.50: Save 50p
2015-11-04 09:44:23.760899,SAINSBURY,310218,"Apple Cider, bottle, 4.5%-5.5% ABV",http://www.sainsburys.co.uk/shop/gb/groceries/drinks/cider,apple cider,0.5,THATCHERS GOLD CIDER 4X440ML,£4.00/unit,4.0,£2.27 / 1 ltr,2.27,1,ltr,2.27,l,,
2015-11-04 09:44:23.770210,SAINSBURY,212017,Fizzy bottled drink,http://www.sainsburys.co.uk/shop/gb/groceries/drinks/fruit-flavoured,bottle,0.0,LUCOZADE ENERGY PINK LEMONADE 6X380ML,£3.70/unit,3.7,£0.16 / 100ml,0.16,100,ml,1.6,l,Buy any 2 for £5.00,Buy any 2 for £5.00
2015-11-04 09:44:23.773800,SAINSBURY,212017,Fizzy bottled drink,http://www.sainsburys.co.uk/shop/gb/groceries/drinks/fruit-flavoured,bottle,0.0,LUCOZADE ENERGY THE BRAZILIAN MANGO MANDARIN 500ML,£1.25/unit,1.25,£0.25 / 100ml,0.25,100,ml,2.5,l,Buy any 2 for £2.00,Buy any 2 for £2.00
2015-11-04 09:44:23.777298,SAINSBURY,212017,Fizzy bottled drink,http://www.sainsburys.co.uk/shop/gb/groceries/drinks/fruit-flavoured,bottle,0.0,MOUNTAIN DEW 1L,£1.00/unit,1.0,£0.10 / 100ml,0.1,100,ml,1.0,l,Only £1.00: Save 50p,Only £1.00: Save 50p
2015-11-04 09:44:23.780652,SAINSBURY,310218,"Apple Cider, bottle, 4.5%-5.5% ABV",http://www.sainsburys.co.uk/shop/gb/groceries/drinks/cider,apple cider,0.5,THATCHERS GOLD CIDER 500ML (4.8% ABV),£2.00/unit,2.0,£4.00 / 1 ltr,4.0,1,ltr,4.0,l,Buy any 3 for £5.00,Buy any 3 for £5.00
2015-11-04 09:44:23.783709,SAINSBURY,310218,"Apple Cider, bottle, 4.5%-5.5% ABV",http://www.sainsburys.co.uk/shop/gb/groceries/drinks/cider,apple cider,0.5,THATCHERS GREEN GOBLIN CIDER 500ML,£2.00/unit,2.0,£4.00 / 1 ltr,4.0,1,ltr,4.0,l,Buy any 3 for £5.00,Buy any 3 for £5.00
2015-11-04 09:44:23.786633,SAINSBURY,310218,"Apple Cider, bottle, 4.5%-5.5% ABV",http://www.sainsburys.co.uk/shop/gb/groceries/drinks/cider,apple cider,0.5,THATCHERS KATY CIDER 500ML,£2.00/unit,2.0,£4.00 / 1 ltr,4.0,1,ltr,4.0,l,,
2015-11-04 09:44:23.789397,SAINSBURY,310218,"Apple Cider, bottle, 4.5%-5.5% ABV",http://www.sainsburys.co.uk/shop/gb/groceries/drinks/cider,apple cider,0.5,THATCHERS OLD RASCAL CIDER 500ML,£2.00/unit,2.0,£4.00 / 1 ltr,4.0,1,ltr,4.0,l,,
2015-11-04 09:44:23.794100,SAINSBURY,212017,Fizzy bottled drink,http://www.sainsburys.co.uk/shop/gb/groceries/drinks/fruit-flavoured,bottle,0.0,MOUNTAIN DEW 500ML,£1.25/unit,1.25,£0.25 / 100ml,0.25,100,ml,2.5,l,Buy any 2 for £2.00,Buy any 2 for £2.00
2015-11-04 09:44:23.797321,SAINSBURY,212017,Fizzy bottled drink,http://www.sainsburys.co.uk/shop/gb/groceries/drinks/fruit-flavoured,bottle,0.0,OLD JAMAICA DIET GINGER BEER 500ML,£1.15/unit,1.15,£0.23 / 100ml,0.23,100,ml,2.3,l,,
2015-11-04 09:44:23.800241,SAINSBURY,212017,Fizzy bottled drink,http://www.sainsburys.co.uk/shop/gb/groceries/drinks/fruit-flavoured,bottle,0.0,ORANGINA 420ML,£1.15/unit,1.15,£0.27 / 100ml,0.27,100,ml,2.7,l,Buy any 2 for £2.00,Buy any 2 for £2.00
2015-11-04 09:44:23.803164,SAINSBURY,212017,Fizzy bottled drink,http://www.sainsburys.co.uk/shop/gb/groceries/drinks/fruit-flavoured,bottle,0.0,ORANGINA 4X420ML,£4.00/unit,4.0,£0.24 / 100ml,0.24,100,ml,2.4,l,,
2015-11-04 09:44:23.805827,SAINSBURY,310218,"Apple Cider, bottle, 4.5%-5.5% ABV",http://www.sainsburys.co.uk/shop/gb/groceries/drinks/cider,apple cider,0.5,THATCHERS ROSE SPARKLING MEDIUM SOMERSET CIDER 500ML,£2.00/unit,2.0,£4.00 / 1 ltr,4.0,1,ltr,4.0,l,,
2015-11-04 09:44:23.808404,SAINSBURY,310218,"Apple Cider, bottle, 4.5%-5.5% ABV",http://www.sainsburys.co.uk/shop/gb/groceries/drinks/cider,apple cider,0.5,THATCHERS VINTAGE CIDER 500ML,£2.00/unit,2.0,£4.00 / 1 ltr,4.0,1,ltr,4.0,l,,
2015-11-04 09:44:23.810804,SAINSBURY,310218,"Apple Cider, bottle, 4.5%-5.5% ABV",http://www.sainsburys.co.uk/shop/gb/groceries/drinks/cider,apple cider,0.5,WESTONS STOWFORD PRESS CIDER 500ML,£2.00/unit,2.0,£4.00 / 1 ltr,4.0,1,ltr,4.0,l,,
2015-11-04 09:44:23.813131,SAINSBURY,310218,"Apple Cider, bottle, 4.5%-5.5% ABV",http://www.sainsburys.co.uk/shop/gb/groceries/drinks/cider,apple cider,0.5,WESTONS VINTAGE CIDER 500ML,£2.00/unit,2.0,£4.00 / 1 ltr,4.0,1,ltr,4.0,l,,
2015-11-04 09:44:23.832669,SAINSBURY,211807,Yoghurt/Fromage Frais,http://www.sainsburys.co.uk/shop/gb/groceries/dairy-eggs-chilled/kids-yogurts,fromage frais ,0.5,"PETITS FILOUS FROMAGE FRAIS, STRAWBERRY & RASPBERRY 6X47G",£1.25/unit,1.25,£0.44 / 100g,0.44,100,g,4.4,kg,,
2015-11-04 09:44:23.835735,SAINSBURY,212017,Fizzy bottled drink,http://www.sainsburys.co.uk/shop/gb/groceries/drinks/fruit-flavoured,bottle,0.0,ORANGINA 6X330ML,£4.00/unit,4.0,£0.20 / 100ml,0.2,100,ml,2.0,l,,
2015-11-04 09:44:23.838257,SAINSBURY,212017,Fizzy bottled drink,http://www.sainsburys.co.uk/shop/gb/groceries/drinks/fruit-flavoured,bottle,0.0,ORANGINA LIGHT 420ML,£1.15/unit,1.15,£0.27 / 100ml,0.27,100,ml,2.7,l,,
2015-11-04 09:44:23.840743,SAINSBURY,212017,Fizzy bottled drink,http://www.sainsburys.co.uk/shop/gb/groceries/drinks/fruit-flavoured,bottle,0.0,ORANGINA LIGHT 4X420ML,£4.00/unit,4.0,£0.24 / 100ml,0.24,100,ml,2.4,l,,
2015-11-04 09:44:23.843109,SAINSBURY,212017,Fizzy bottled drink,http://www.sainsburys.co.uk/shop/gb/groceries/drinks/fruit-flavoured,bottle,0.0,PURDEY'S REJUVENATE MULTIVITAMIN FRUIT DRINK 330ML,£1.45/unit,1.45,£0.44 / 100ml,0.44,100,ml,4.4,l,Buy any 2 for £2.00,Buy any 2 for £2.00
2015-11-04 09:44:23.852329,SAINSBURY,211807,Yoghurt/Fromage Frais,http://www.sainsburys.co.uk/shop/gb/groceries/dairy-eggs-chilled/kids-yogurts,fromage frais ,0.5,"PETITS FILOUS FROMAGE FRAIS, STRAWBERRY 6X47G",£1.25/unit,1.25,£0.44 / 100g,0.44,100,g,4.4,kg,,
2015-11-04 09:44:23.856785,SAINSBURY,211807,Yoghurt/Fromage Frais,http://www.sainsburys.co.uk/shop/gb/groceries/dairy-eggs-chilled/kids-yogurts,fromage frais ,0.5,"PETITS FILOUS FROMAGE FRAIS, STRAWBERRY POUCH 70G",£0.60/unit,0.6,£0.86 / 100g,0.86,100,g,8.6,kg,Only 60p: Save 20p,Only 60p: Save 20p
2015-11-04 09:44:23.861437,SAINSBURY,211807,Yoghurt/Fromage Frais,http://www.sainsburys.co.uk/shop/gb/groceries/dairy-eggs-chilled/kids-yogurts,fromage frais ,0.0,PETITS FILOUS FRUBES 9X40G,£2.00/unit,2.0,£0.56 / 100g,0.56,100,g,5.6,kg,,
2015-11-04 09:44:23.873712,SAINSBURY,211807,Yoghurt/Fromage Frais,http://www.sainsburys.co.uk/shop/gb/groceries/dairy-eggs-chilled/kids-yogurts,fromage frais ,0.0,PETITS FILOUS FRUBES STRAWBERRY 9X40G,£2.00/unit,2.0,£0.56 / 100g,0.56,100,g,5.6,kg,,
2015-11-04 09:44:23.877992,SAINSBURY,211807,Yoghurt/Fromage Frais,http://www.sainsburys.co.uk/shop/gb/groceries/dairy-eggs-chilled/kids-yogurts,fromage frais ,0.0,PETITS FILOUS LITTLE DESSERT CHOCOLATE & VANILLA 6X55G,£1.25/unit,1.25,£0.38 / 100g,0.38,100,g,3.8,kg,,
2015-11-04 09:44:23.881997,SAINSBURY,211807,Yoghurt/Fromage Frais,http://www.sainsburys.co.uk/shop/gb/groceries/dairy-eggs-chilled/kids-yogurts,fromage frais ,0.0,PETITS FILOUS MAGIC SQUARES RASPBERRY 4X80G,£1.50/unit,1.5,£0.47 / 100g,0.47,100,g,4.7,kg,,
2015-11-04 09:44:23.886048,SAINSBURY,211807,Yoghurt/Fromage Frais,http://www.sainsburys.co.uk/shop/gb/groceries/dairy-eggs-chilled/kids-yogurts,fromage frais ,0.0,PETITS FILOUS MAGIC SQUARES STRAWBERRY 4X80G,£1.50/unit,1.5,£0.47 / 100g,0.47,100,g,4.7,kg,,
2015-11-04 09:44:23.889842,SAINSBURY,211807,Yoghurt/Fromage Frais,http://www.sainsburys.co.uk/shop/gb/groceries/dairy-eggs-chilled/kids-yogurts,fromage frais ,0.0,RACHEL'S MY FIRST YOGURT 4X90G,£2.00/unit,2.0,£0.56 / 100g,0.56,100,g,5.6,kg,,
2015-11-04 09:44:23.893587,SAINSBURY,211807,Yoghurt/Fromage Frais,http://www.sainsburys.co.uk/shop/gb/groceries/dairy-eggs-chilled/kids-yogurts,fromage frais ,1.0,SAINSBURY'S KIDS FROMAGE FRAIS 6X50G,£1.00/unit,1.0,£0.33 / 100g,0.33,100,g,3.3,kg,,
2015-11-04 09:44:23.897465,SAINSBURY,211807,Yoghurt/Fromage Frais,http://www.sainsburys.co.uk/shop/gb/groceries/dairy-eggs-chilled/kids-yogurts,fromage frais ,1.0,SAINSBURY'S KIDS FROMAGE FRAIS STRAWBERRY POUCHES 4X90G,£1.25/unit,1.25,£0.35 / 100g,0.35,100,g,3.5,kg,,
2015-11-04 09:44:23.900947,SAINSBURY,211807,Yoghurt/Fromage Frais,http://www.sainsburys.co.uk/shop/gb/groceries/dairy-eggs-chilled/kids-yogurts,fromage frais ,0.0,SAINSBURY'S KIDS YOGURTS 6X55G,£1.50/unit,1.5,£0.45 / 100g,0.45,100,g,4.5,kg,,
2015-11-04 09:44:23.904276,SAINSBURY,211807,Yoghurt/Fromage Frais,http://www.sainsburys.co.uk/shop/gb/groceries/dairy-eggs-chilled/kids-yogurts,fromage frais ,0.0,SMARTIES SPLIT POT YOGURT 4X120G,£2.00/unit,2.0,£0.42 / 100g,0.42,100,g,4.2,kg,,
2015-11-04 09:44:23.907733,SAINSBURY,211807,Yoghurt/Fromage Frais,http://www.sainsburys.co.uk/shop/gb/groceries/dairy-eggs-chilled/kids-yogurts,fromage frais ,0.0,YEO VALLEY FRUITY FAVOURITES YOGURT 4X90G,£1.00/unit,1.0,£0.28 / 100g,0.28,100,g,2.8,kg,Only £1.00: Save 50p,Only £1.00: Save 50p
2015-11-04 09:44:23.911022,SAINSBURY,211807,Yoghurt/Fromage Frais,http://www.sainsburys.co.uk/shop/gb/groceries/dairy-eggs-chilled/kids-yogurts,fromage frais ,0.0,YEO VALLEY MANGO & VANILLA STRAWBERRY & VANILLA YOGURT 6X45G,£1.00/unit,1.0,£0.37 / 100g,0.37,100,g,3.7,kg,Only £1.00: Save 50p,Only £1.00: Save 50p
2015-11-04 09:44:23.914167,SAINSBURY,211807,Yoghurt/Fromage Frais,http://www.sainsburys.co.uk/shop/gb/groceries/dairy-eggs-chilled/kids-yogurts,fromage frais ,0.0,"YEO VALLEY ORGANIC LITTLE YEOS, RASPBERRY & APRICOT 6X45G",£1.00/unit,1.0,£0.37 / 100g,0.37,100,g,3.7,kg,Only £1.00: Save 50p,Only £1.00: Save 50p
2015-11-04 09:44:23.917190,SAINSBURY,211807,Yoghurt/Fromage Frais,http://www.sainsburys.co.uk/shop/gb/groceries/dairy-eggs-chilled/kids-yogurts,fromage frais ,0.0,"YEO VALLEY ORGANIC LITTLE YEOS, STRAWBERRY & RASPBERRY 6X45G",£1.00/unit,1.0,£0.37 / 100g,0.37,100,g,3.7,kg,Only £1.00: Save 50p,Only £1.00: Save 50p
2015-11-04 09:44:23.920219,SAINSBURY,211807,Yoghurt/Fromage Frais,http://www.sainsburys.co.uk/shop/gb/groceries/dairy-eggs-chilled/kids-yogurts,fromage frais ,0.0,YEO VALLEY STRAWBERRY & PEACH APPLE & PEAR YOGURT 6X45G,£1.00/unit,1.0,£0.37 / 100g,0.37,100,g,3.7,kg,Only £1.00: Save 50p,Only £1.00: Save 50p
2015-11-04 09:44:23.923001,SAINSBURY,211807,Yoghurt/Fromage Frais,http://www.sainsburys.co.uk/shop/gb/groceries/dairy-eggs-chilled/kids-yogurts,fromage frais ,0.0,YEO VALLEY STRAWBERRY & VANILLA TUBES 6X40G,£1.00/unit,1.0,£0.42 / 100g,0.42,100,g,4.2,kg,Only £1.00: Save 50p,Only £1.00: Save 50p
2015-11-04 09:44:23.925766,SAINSBURY,211807,Yoghurt/Fromage Frais,http://www.sainsburys.co.uk/shop/gb/groceries/dairy-eggs-chilled/kids-yogurts,fromage frais ,0.0,YOLLIES RASPBERRY YOGURT LOLLIES 100G,£2.00/unit,2.0,£2.00 / 100g,2.0,100,g,20.0,kg,,
2015-11-04 09:44:23.928482,SAINSBURY,211807,Yoghurt/Fromage Frais,http://www.sainsburys.co.uk/shop/gb/groceries/dairy-eggs-chilled/kids-yogurts,fromage frais ,0.0,YOLLIES STRAWBERRY YOGURT LOLLIES 100G,£2.00/unit,2.0,£2.00 / 100g,2.0,100,g,20.0,kg,,
2015-11-04 09:44:23.931043,SAINSBURY,211807,Yoghurt/Fromage Frais,http://www.sainsburys.co.uk/shop/gb/groceries/dairy-eggs-chilled/kids-yogurts,fromage frais ,1.0,YOPLAIT THOMAS & FRIENDS FROMAGE FRAIS 6X45G,£1.00/unit,1.0,£0.37 / 100g,0.37,100,g,3.7,kg,,
2015-11-04 09:44:23.933307,SAINSBURY,211807,Yoghurt/Fromage Frais,http://www.sainsburys.co.uk/shop/gb/groceries/dairy-eggs-chilled/kids-yogurts,fromage frais ,0.0,YOPLAIT WILDLIFE CHOOBS DESSERT 6X40G,£1.00/unit,1.0,£0.42 / 100g,0.42,100,g,4.2,kg,,
2015-11-04 09:44:23.987357,SAINSBURY,211814,"Yoghurt, small individual",http://www.sainsburys.co.uk/shop/gb/groceries/dairy-eggs-chilled/corners-everyday-yogurts,yogurt single,0.5,RACHELS LUSCIOUS VANILLA YOGURT 4X110G,£2.00/unit,2.0,£0.45 / 100g,0.45,100,g,4.5,kg,,
2015-11-04 09:44:23.993421,SAINSBURY,211814,"Yoghurt, small individual",http://www.sainsburys.co.uk/shop/gb/groceries/dairy-eggs-chilled/corners-everyday-yogurts,yogurt single,0.5,SAINSBURY'S FAB CREAMY HAZELNUT YOGURT 150G,£0.50/unit,0.5,£0.33 / 100g,0.33,100,g,3.3,kg,,
2015-11-04 09:44:23.998865,SAINSBURY,211814,"Yoghurt, small individual",http://www.sainsburys.co.uk/shop/gb/groceries/dairy-eggs-chilled/corners-everyday-yogurts,yogurt single,0.5,SAINSBURY'S FAB CREAMY STRAWBERRY YOGURT 450G,£0.90/unit,0.9,£0.20 / 100g,0.2,100,g,2.0,kg,,
2015-11-04 09:44:24.004253,SAINSBURY,211814,"Yoghurt, small individual",http://www.sainsburys.co.uk/shop/gb/groceries/dairy-eggs-chilled/corners-everyday-yogurts,yogurt single,0.5,SAINSBURY'S FAB CREAMY TOFFEE FUDGE YOGURT 4X125G,£1.50/unit,1.5,£0.30 / 100g,0.3,100,g,3.0,kg,,
2015-11-04 09:44:24.009449,SAINSBURY,211814,"Yoghurt, small individual",http://www.sainsburys.co.uk/shop/gb/groceries/dairy-eggs-chilled/corners-everyday-yogurts,yogurt single,0.5,SAINSBURY'S FAB CREAMY VANILLA YOGURT 450G,£0.90/unit,0.9,£0.20 / 100g,0.2,100,g,2.0,kg,,
2015-11-04 09:44:24.014806,SAINSBURY,211814,"Yoghurt, small individual",http://www.sainsburys.co.uk/shop/gb/groceries/dairy-eggs-chilled/corners-everyday-yogurts,yogurt single,0.5,SAINSBURY'S FAB FRUITY BLACK CHERRY YOGURT 150G,£0.50/unit,0.5,£0.33 / 100g,0.33,100,g,3.3,kg,,
2015-11-04 09:44:24.019770,SAINSBURY,211814,"Yoghurt, small individual",http://www.sainsburys.co.uk/shop/gb/groceries/dairy-eggs-chilled/corners-everyday-yogurts,yogurt single,0.5,SAINSBURY'S FAB FRUITY BLACKCURRANT YOGURT 150G,£0.50/unit,0.5,£0.33 / 100g,0.33,100,g,3.3,kg,,
2015-11-04 09:44:24.024760,SAINSBURY,211814,"Yoghurt, small individual",http://www.sainsburys.co.uk/shop/gb/groceries/dairy-eggs-chilled/corners-everyday-yogurts,yogurt single,0.5,SAINSBURY'S FAB FRUITY LOW FAT CHERRY & BLACKCURRANT YOGURT 4X125G,£1.50/unit,1.5,£0.30 / 100g,0.3,100,g,3.0,kg,,
2015-11-04 09:44:24.029492,SAINSBURY,211814,"Yoghurt, small individual",http://www.sainsburys.co.uk/shop/gb/groceries/dairy-eggs-chilled/corners-everyday-yogurts,yogurt single,0.5,"SAINSBURY'S FAB FRUITY MANGO & PASSIONFRUIT, PEACH & NECTARINE YOGURT 4X125G",£1.50/unit,1.5,£0.30 / 100g,0.3,100,g,3.0,kg,,
2015-11-04 09:44:24.034011,SAINSBURY,211814,"Yoghurt, small individual",http://www.sainsburys.co.uk/shop/gb/groceries/dairy-eggs-chilled/corners-everyday-yogurts,yogurt single,0.5,SAINSBURY'S FAB FRUITY PEACH & NECTARINE YOGURT 150G,£0.50/unit,0.5,£0.33 / 100g,0.33,100,g,3.3,kg,,
2015-11-04 09:44:24.038604,SAINSBURY,211814,"Yoghurt, small individual",http://www.sainsburys.co.uk/shop/gb/groceries/dairy-eggs-chilled/corners-everyday-yogurts,yogurt single,0.5,SAINSBURY'S FAB FRUITY STRAWBERRY YOGURT 150G,£0.50/unit,0.5,£0.33 / 100g,0.33,100,g,3.3,kg,,
2015-11-04 09:44:24.042936,SAINSBURY,211814,"Yoghurt, small individual",http://www.sainsburys.co.uk/shop/gb/groceries/dairy-eggs-chilled/corners-everyday-yogurts,yogurt single,0.0,"SAINSBURY'S FAT FREE FROMAGE FRAIS, BE GOOD TO YOURSELF 200G",£0.50/unit,0.5,£0.25 / 100g,0.25,100,g,2.5,kg,,
2015-11-04 09:44:24.047212,SAINSBURY,211814,"Yoghurt, small individual",http://www.sainsburys.co.uk/shop/gb/groceries/dairy-eggs-chilled/corners-everyday-yogurts,yogurt single,0.0,SAINSBURY'S FAT FREE NORMANDY NATURAL FROMAGE FRAIS 500G,£1.20/unit,1.2,£0.24 / 100g,0.24,100,g,2.4,kg,,
2015-11-04 09:44:24.051433,SAINSBURY,211814,"Yoghurt, small individual",http://www.sainsburys.co.uk/shop/gb/groceries/dairy-eggs-chilled/corners-everyday-yogurts,yogurt single,0.5,SAINSBURY'S FRENCH SET YOGURT 4X125G,£0.75/unit,0.75,£0.15 / 100g,0.15,100,g,1.5,kg,,
2015-11-04 09:44:24.055444,SAINSBURY,211814,"Yoghurt, small individual",http://www.sainsburys.co.uk/shop/gb/groceries/dairy-eggs-chilled/corners-everyday-yogurts,yogurt single,0.0,"SAINSBURY'S FROMAGE FRAIS, BASICS 6X50G",£0.50/unit,0.5,£0.17 / 100g,0.17,100,g,1.7,kg,,
2015-11-04 09:44:24.059373,SAINSBURY,211814,"Yoghurt, small individual",http://www.sainsburys.co.uk/shop/gb/groceries/dairy-eggs-chilled/corners-everyday-yogurts,yogurt single,0.0,"SAINSBURY'S FRUIT SELECTION LOW FAT YOGURT, BASICS 4X125G",£0.50/unit,0.5,£0.10 / 100g,0.1,100,g,1.0,kg,,
2015-11-04 09:44:24.063281,SAINSBURY,211814,"Yoghurt, small individual",http://www.sainsburys.co.uk/shop/gb/groceries/dairy-eggs-chilled/corners-everyday-yogurts,yogurt single,0.0,"SAINSBURY'S GREEK STYLE YOGURT, RASPBERRY 4X125G",£1.50/unit,1.5,£0.30 / 100g,0.3,100,g,3.0,kg,,
2015-11-04 09:44:24.066889,SAINSBURY,211814,"Yoghurt, small individual",http://www.sainsburys.co.uk/shop/gb/groceries/dairy-eggs-chilled/corners-everyday-yogurts,yogurt single,0.0,"SAINSBURY'S GREEK STYLE YOGURT, WITH HONEY 4X125G",£1.50/unit,1.5,£0.30 / 100g,0.3,100,g,3.0,kg,,
2015-11-04 09:44:24.070425,SAINSBURY,211814,"Yoghurt, small individual",http://www.sainsburys.co.uk/shop/gb/groceries/dairy-eggs-chilled/corners-everyday-yogurts,yogurt single,0.5,SAINSBURY'S MIXED RED FRUIT YOGURT 6X125G,£1.00/unit,1.0,£0.13 / 100g,0.13,100,g,1.3,kg,,
2015-11-04 09:44:24.074052,SAINSBURY,211814,"Yoghurt, small individual",http://www.sainsburys.co.uk/shop/gb/groceries/dairy-eggs-chilled/corners-everyday-yogurts,yogurt single,0.5,SAINSBURY'S MIXED YELLOW FRUIT YOGURT 6X125G,£1.00/unit,1.0,£0.13 / 100g,0.13,100,g,1.3,kg,,
2015-11-04 09:44:24.077453,SAINSBURY,211814,"Yoghurt, small individual",http://www.sainsburys.co.uk/shop/gb/groceries/dairy-eggs-chilled/corners-everyday-yogurts,yogurt single,0.0,"SAINSBURY'S STRAWBERRY YOGURT, BASICS 125G",£0.25/unit,0.25,£0.20 / 100g,0.2,100,g,2.0,kg,,
2015-11-04 09:44:24.080747,SAINSBURY,211814,"Yoghurt, small individual",http://www.sainsburys.co.uk/shop/gb/groceries/dairy-eggs-chilled/corners-everyday-yogurts,yogurt single,0.5,SKI SMOOTH STRAWBERRY & RASPBERRY YOGURT 4X120G,£1.00/unit,1.0,£0.21 / 100g,0.21,100,g,2.1,kg,,
2015-11-04 09:44:24.084072,SAINSBURY,211814,"Yoghurt, small individual",http://www.sainsburys.co.uk/shop/gb/groceries/dairy-eggs-chilled/corners-everyday-yogurts,yogurt single,0.5,SKI VARIETY YOGURT 4X120G,£1.00/unit,1.0,£0.21 / 100g,0.21,100,g,2.1,kg,,
2015-11-04 09:44:24.087092,SAINSBURY,211814,"Yoghurt, small individual",http://www.sainsburys.co.uk/shop/gb/groceries/dairy-eggs-chilled/corners-everyday-yogurts,yogurt single,0.5,SMARTIES SPLIT POT YOGURT 4X120G,£2.00/unit,2.0,£0.42 / 100g,0.42,100,g,4.2,kg,,
2015-11-04 09:44:24.090037,SAINSBURY,211814,"Yoghurt, small individual",http://www.sainsburys.co.uk/shop/gb/groceries/dairy-eggs-chilled/corners-everyday-yogurts,yogurt single,0.5,YEO VALLEY ORGANIC BLACKCURRANT YOGURT 4X120G,£1.50/unit,1.5,£0.32 / 100g,0.32,100,g,3.2,kg,Only £1.50: Save 50p,Only £1.50: Save 50p
2015-11-04 09:44:24.092978,SAINSBURY,211814,"Yoghurt, small individual",http://www.sainsburys.co.uk/shop/gb/groceries/dairy-eggs-chilled/corners-everyday-yogurts,yogurt single,0.0,"YEO VALLEY ORGANIC RHUBARB & CUSTARD YOGURT, LTD EDITION 4X120G",£1.50/unit,1.5,£0.32 / 100ltr,0.32,100,ltr,0.0032,l,Only £1.50: Save 50p,Only £1.50: Save 50p
2015-11-04 09:44:24.096092,SAINSBURY,211814,"Yoghurt, small individual",http://www.sainsburys.co.uk/shop/gb/groceries/dairy-eggs-chilled/corners-everyday-yogurts,yogurt single,0.5,YEO VALLEY ORGANIC YOGURT FRUITY FAVOURITES 4X120G,£1.50/unit,1.5,£0.32 / 100g,0.32,100,g,3.2,kg,Only £1.50: Save 50p,Only £1.50: Save 50p
2015-11-04 09:44:24.098745,SAINSBURY,211814,"Yoghurt, small individual",http://www.sainsburys.co.uk/shop/gb/groceries/dairy-eggs-chilled/corners-everyday-yogurts,yogurt single,0.5,YEO VALLEY ORGANIC YOGURT GREEK STYLE WITH HONEY 4X100G,£1.50/unit,1.5,£0.38 / 100g,0.38,100,g,3.8,kg,Only £1.50: Save 50p,Only £1.50: Save 50p
2015-11-04 09:44:24.169906,SAINSBURY,210204,"Dry Spaghetti or pasta, 500g",http://www.sainsburys.co.uk/shop/gb/groceries/food-cupboard/pasta,500g,1.0,SAINSBURY'S QUICK COOK PENNE 500G,£0.85/unit,0.85,£1.70 / 1 kg,1.7,1,kg,1.7,kg,Buy any 2 for £1.50,Buy any 2 for £1.50
2015-11-04 09:44:24.174681,SAINSBURY,210204,"Dry Spaghetti or pasta, 500g",http://www.sainsburys.co.uk/shop/gb/groceries/food-cupboard/pasta,500g,1.0,SAINSBURY'S QUICK COOK SPAGHETTI 500G,£0.85/unit,0.85,£1.70 / 1 kg,1.7,1,kg,1.7,kg,Buy any 2 for £1.50,Buy any 2 for £1.50
2015-11-04 09:44:24.179302,SAINSBURY,210204,"Dry Spaghetti or pasta, 500g",http://www.sainsburys.co.uk/shop/gb/groceries/food-cupboard/pasta,500g,1.0,"SAINSBURY'S RIGATONI (TUBES), ITALIAN 500G",£0.85/unit,0.85,£1.70 / 1 kg,1.7,1,kg,1.7,kg,Buy any 2 for £1.50,Buy any 2 for £1.50
2015-11-04 09:44:24.183472,SAINSBURY,210204,"Dry Spaghetti or pasta, 500g",http://www.sainsburys.co.uk/shop/gb/groceries/food-cupboard/pasta,500g,0.0,SAINSBURY'S SPAGHETTI 1KG,£1.20/unit,1.2,£1.20 / 1 kg,1.2,1,kg,1.2,kg,,
2015-11-04 09:44:24.187586,SAINSBURY,210204,"Dry Spaghetti or pasta, 500g",http://www.sainsburys.co.uk/shop/gb/groceries/food-cupboard/pasta,500g,0.0,SAINSBURY'S SPAGHETTI 3KG,£3.40/unit,3.4,£1.13 / 1 kg,1.13,1,kg,1.13,kg,,
2015-11-04 09:44:24.191492,SAINSBURY,210204,"Dry Spaghetti or pasta, 500g",http://www.sainsburys.co.uk/shop/gb/groceries/food-cupboard/pasta,500g,1.0,SAINSBURY'S SPAGHETTI 500G,£0.85/unit,0.85,£1.70 / 1 kg,1.7,1,kg,1.7,kg,Buy any 2 for £1.50,Buy any 2 for £1.50
2015-11-04 09:44:24.195308,SAINSBURY,210204,"Dry Spaghetti or pasta, 500g",http://www.sainsburys.co.uk/shop/gb/groceries/food-cupboard/pasta,500g,1.0,"SAINSBURY'S SPAGHETTI, BASICS 500G",£0.35/unit,0.35,£0.70 / 1 kg,0.7,1,kg,0.7,kg,,
2015-11-04 09:44:24.198954,SAINSBURY,210204,"Dry Spaghetti or pasta, 500g",http://www.sainsburys.co.uk/shop/gb/groceries/food-cupboard/pasta,500g,1.0,"SAINSBURY'S SPAGHETTI, SO ORGANIC 500G",£1.05/unit,1.05,£2.10 / 1 kg,2.1,1,kg,2.1,kg,,
2015-11-04 09:44:24.202397,SAINSBURY,210204,"Dry Spaghetti or pasta, 500g",http://www.sainsburys.co.uk/shop/gb/groceries/food-cupboard/pasta,500g,1.0,"SAINSBURY'S SPAGHETTI, WHOLEWHEAT 500G",£0.85/unit,0.85,£1.70 / 1 kg,1.7,1,kg,1.7,kg,Buy any 2 for £1.50,Buy any 2 for £1.50
2015-11-04 09:44:24.205768,SAINSBURY,210204,"Dry Spaghetti or pasta, 500g",http://www.sainsburys.co.uk/shop/gb/groceries/food-cupboard/pasta,500g,1.0,SAINSBURY'S SPIRALI 500G,£0.85/unit,0.85,£1.70 / 1 kg,1.7,1,kg,1.7,kg,Buy any 2 for £1.50,Buy any 2 for £1.50
2015-11-04 09:44:24.209197,SAINSBURY,210204,"Dry Spaghetti or pasta, 500g",http://www.sainsburys.co.uk/shop/gb/groceries/food-cupboard/pasta,500g,1.0,SAINSBURY'S STARS PASTA 500G,£0.85/unit,0.85,£1.70 / 1 kg,1.7,1,kg,1.7,kg,Buy any 2 for £1.50,Buy any 2 for £1.50
2015-11-04 09:44:24.212416,SAINSBURY,210204,"Dry Spaghetti or pasta, 500g",http://www.sainsburys.co.uk/shop/gb/groceries/food-cupboard/pasta,500g,1.0,"SAINSBURY'S TROMPETTI, TASTE THE DIFFERENCE 500G",£1.00/unit,1.0,£2.00 / 1 kg,2.0,1,kg,2.0,kg,Only £1.00: Save 25p,Only £1.00: Save 25p
2015-11-04 09:44:24.215454,SAINSBURY,210204,"Dry Spaghetti or pasta, 500g",http://www.sainsburys.co.uk/shop/gb/groceries/food-cupboard/pasta,500g,1.0,SAINSBURY'S TROTTOLE TRICOLORE 500G,£0.85/unit,0.85,£1.70 / 1 kg,1.7,1,kg,1.7,kg,Buy any 2 for £1.50,Buy any 2 for £1.50
2015-11-04 09:44:24.218383,SAINSBURY,210204,"Dry Spaghetti or pasta, 500g",http://www.sainsburys.co.uk/shop/gb/groceries/food-cupboard/pasta,500g,1.0,SAINSBURY'S WHOLEGRAIN SPELT SPAGHETTI 500G,£0.85/unit,0.85,£1.70 / 1 kg,1.7,1,kg,1.7,kg,Buy any 2 for £1.50,Buy any 2 for £1.50
2015-11-04 09:44:24.221323,SAINSBURY,210204,"Dry Spaghetti or pasta, 500g",http://www.sainsburys.co.uk/shop/gb/groceries/food-cupboard/pasta,500g,0.0,SAINSBURY'S WHOLEWHEAT FUSILLI 1KG,£1.20/unit,1.2,£1.20 / 1 kg,1.2,1,kg,1.2,kg,,
2015-11-04 09:44:24.223979,SAINSBURY,210204,"Dry Spaghetti or pasta, 500g",http://www.sainsburys.co.uk/shop/gb/groceries/food-cupboard/pasta,500g,1.0,SAINSBURY'S WHOLEWHEAT FUSILLI 500G,£0.85/unit,0.85,£1.70 / 1 kg,1.7,1,kg,1.7,kg,Buy any 2 for £1.50,Buy any 2 for £1.50
2015-11-04 09:44:24.226578,SAINSBURY,210204,"Dry Spaghetti or pasta, 500g",http://www.sainsburys.co.uk/shop/gb/groceries/food-cupboard/pasta,500g,1.0,"SAINSBURY'S WHOLEWHEAT FUSILLI, SO ORGANIC 500G",£1.05/unit,1.05,£2.10 / 1 kg,2.1,1,kg,2.1,kg,,
2015-11-04 09:44:24.228974,SAINSBURY,210204,"Dry Spaghetti or pasta, 500g",http://www.sainsburys.co.uk/shop/gb/groceries/food-cupboard/pasta,500g,1.0,SAINSBURY'S WHOLEWHEAT LASAGNE SHEETS 500G,£0.85/unit,0.85,£1.70 / 1 kg,1.7,1,kg,1.7,kg,Buy any 2 for £1.50,Buy any 2 for £1.50
2015-11-04 09:44:24.288672,SAINSBURY,310207,"Bitter, 4 cans, 3.4%-7.5% ABV",http://www.sainsburys.co.uk/shop/gb/groceries/drinks/ale-stout,bitter,0.0,GREENE KING IPA GOLD 500ML,£2.00/unit,2.0,£4.00 / 1 ltr,4.0,1,ltr,4.0,l,,
2015-11-04 09:44:24.294154,SAINSBURY,310207,"Bitter, 4 cans, 3.4%-7.5% ABV",http://www.sainsburys.co.uk/shop/gb/groceries/drinks/ale-stout,bitter,0.0,GREENE KING IPA RESERVE 500ML,£2.00/unit,2.0,£4.00 / 1 ltr,4.0,1,ltr,4.0,l,,
2015-11-04 09:44:24.299480,SAINSBURY,310207,"Bitter, 4 cans, 3.4%-7.5% ABV",http://www.sainsburys.co.uk/shop/gb/groceries/drinks/ale-stout,bitter,0.0,GREENE KING TOLLY ENGLISH ALE 500ML,£1.20/unit,1.2,£2.40 / 1 ltr,2.4,1,ltr,2.4,l,,
2015-11-04 09:44:24.304483,SAINSBURY,310207,"Bitter, 4 cans, 3.4%-7.5% ABV",http://www.sainsburys.co.uk/shop/gb/groceries/drinks/ale-stout,bitter,0.0,GUINNESS DRAUGHT 10X440ML (4.1% ABV),£11.00/unit,11.0,£2.50 / 1 ltr,2.5,1,ltr,2.5,l,,
2015-11-04 09:44:24.309533,SAINSBURY,310207,"Bitter, 4 cans, 3.4%-7.5% ABV",http://www.sainsburys.co.uk/shop/gb/groceries/drinks/ale-stout,bitter,0.0,GUINNESS DRAUGHT 4X440ML (4.1% ABV),£5.00/unit,5.0,£2.84 / 1 ltr,2.84,1,ltr,2.84,l,,
2015-11-04 09:44:24.314318,SAINSBURY,310207,"Bitter, 4 cans, 3.4%-7.5% ABV",http://www.sainsburys.co.uk/shop/gb/groceries/drinks/ale-stout,bitter,0.0,GUINNESS FOREIGN EXTRA STOUT 330ML,£1.75/unit,1.75,£5.30 / 1 ltr,5.3,1,ltr,5.3,l,,
2015-11-04 09:44:24.319006,SAINSBURY,310207,"Bitter, 4 cans, 3.4%-7.5% ABV",http://www.sainsburys.co.uk/shop/gb/groceries/drinks/ale-stout,bitter,0.0,GUINNESS GOLDEN ALE 500ML,£2.00/unit,2.0,£4.00 / 1 ltr,4.0,1,ltr,4.0,l,,
2015-11-04 09:44:24.323676,SAINSBURY,310207,"Bitter, 4 cans, 3.4%-7.5% ABV",http://www.sainsburys.co.uk/shop/gb/groceries/drinks/ale-stout,bitter,0.0,GUINNESS ORIGINAL STOUT 4X440ML,£5.00/unit,5.0,£2.84 / 1 ltr,2.84,1,ltr,2.84,l,,
2015-11-04 09:44:24.328247,SAINSBURY,310207,"Bitter, 4 cans, 3.4%-7.5% ABV",http://www.sainsburys.co.uk/shop/gb/groceries/drinks/ale-stout,bitter,0.0,GUINNESS ORIGINAL STOUT 500ML,£2.00/unit,2.0,£4.00 / 1 ltr,4.0,1,ltr,4.0,l,,
2015-11-04 09:44:24.332620,SAINSBURY,310207,"Bitter, 4 cans, 3.4%-7.5% ABV",http://www.sainsburys.co.uk/shop/gb/groceries/drinks/ale-stout,bitter,0.0,GUINNESS WEST INDIES PORTER 500ML,£2.00/unit,2.0,£4.00 / 1 ltr,4.0,1,ltr,4.0,l,,
2015-11-04 09:44:24.337658,SAINSBURY,310207,"Bitter, 4 cans, 3.4%-7.5% ABV",http://www.sainsburys.co.uk/shop/gb/groceries/drinks/ale-stout,bitter,0.0,HARBOUR IPA 500ML,£2.00/unit,2.0,£4.00 / 1 ltr,4.0,1,ltr,4.0,l,,
2015-11-04 09:44:24.341797,SAINSBURY,310207,"Bitter, 4 cans, 3.4%-7.5% ABV",http://www.sainsburys.co.uk/shop/gb/groceries/drinks/ale-stout,bitter,0.0,HOEGAARDEN ALE 750ML,£3.00/unit,3.0,£4.00 / 1 ltr,4.0,1,ltr,4.0,l,,
2015-11-04 09:44:24.345874,SAINSBURY,310207,"Bitter, 4 cans, 3.4%-7.5% ABV",http://www.sainsburys.co.uk/shop/gb/groceries/drinks/ale-stout,bitter,0.0,HOGS BACK TRADITIONAL ENGLISH ALE 500ML,£2.00/unit,2.0,£4.00 / 1 ltr,4.0,1,ltr,4.0,l,,
2015-11-04 09:44:24.349923,SAINSBURY,310207,"Bitter, 4 cans, 3.4%-7.5% ABV",http://www.sainsburys.co.uk/shop/gb/groceries/drinks/ale-stout,bitter,0.0,HOOK NORTON HOOKY GOLD 500ML,£2.00/unit,2.0,£4.00 / 1 ltr,4.0,1,ltr,4.0,l,Buy any 3 for £5.00,Buy any 3 for £5.00
2015-11-04 09:44:24.353851,SAINSBURY,310207,"Bitter, 4 cans, 3.4%-7.5% ABV",http://www.sainsburys.co.uk/shop/gb/groceries/drinks/ale-stout,bitter,0.0,HOOK NORTON OLD HOOKY 500ML,£2.00/unit,2.0,£4.00 / 1 ltr,4.0,1,ltr,4.0,l,Buy any 3 for £5.00,Buy any 3 for £5.00
2015-11-04 09:44:24.357671,SAINSBURY,310207,"Bitter, 4 cans, 3.4%-7.5% ABV",http://www.sainsburys.co.uk/shop/gb/groceries/drinks/ale-stout,bitter,0.0,INNIS & GUNN ORIGINAL 330ML,£1.75/unit,1.75,£5.30 / 1 ltr,5.3,1,ltr,5.3,l,,
2015-11-04 09:44:24.361449,SAINSBURY,310207,"Bitter, 4 cans, 3.4%-7.5% ABV",http://www.sainsburys.co.uk/shop/gb/groceries/drinks/ale-stout,bitter,0.0,INNIS & GUNN ORIGINAL 660ML,£2.50/unit,2.5,£3.79 / 1 ltr,3.79,1,ltr,3.79,l,,
2015-11-04 09:44:24.364964,SAINSBURY,310207,"Bitter, 4 cans, 3.4%-7.5% ABV",http://www.sainsburys.co.uk/shop/gb/groceries/drinks/ale-stout,bitter,0.0,INNIS & GUNN RUM FINISH IPA 330ML,£1.75/unit,1.75,£5.30 / 1 ltr,5.3,1,ltr,5.3,l,,
2015-11-04 09:44:24.368361,SAINSBURY,310207,"Bitter, 4 cans, 3.4%-7.5% ABV",http://www.sainsburys.co.uk/shop/gb/groceries/drinks/ale-stout,bitter,0.0,J.W. LEES MANCHESTER STAR ALE 500ML,£2.00/unit,2.0,£4.00 / 1 ltr,4.0,1,ltr,4.0,l,,
2015-11-04 09:44:24.371731,SAINSBURY,310207,"Bitter, 4 cans, 3.4%-7.5% ABV",http://www.sainsburys.co.uk/shop/gb/groceries/drinks/ale-stout,bitter,1.0,JOHN SMITH'S BITTER 4X440ML,£4.00/unit,4.0,£2.27 / 1 ltr,2.27,1,ltr,2.27,l,,
2015-11-04 09:44:24.374921,SAINSBURY,310207,"Bitter, 4 cans, 3.4%-7.5% ABV",http://www.sainsburys.co.uk/shop/gb/groceries/drinks/ale-stout,bitter,0.0,JOHN SMITH'S EXTRA SMOOTH 12X440ML,£11.00/unit,11.0,£2.08 / 1 ltr,2.08,1,ltr,2.08,l,Buy any 2 for £18.00,Buy any 2 for £18.00
2015-11-04 09:44:24.378086,SAINSBURY,310207,"Bitter, 4 cans, 3.4%-7.5% ABV",http://www.sainsburys.co.uk/shop/gb/groceries/drinks/ale-stout,bitter,0.0,JOHN SMITH'S EXTRA SMOOTH 4X440ML,£3.50/unit,3.5,£1.99 / 1 ltr,1.99,1,ltr,1.99,l,Only £3.50: Save 50p,Only £3.50: Save 50p
2015-11-04 09:44:24.381156,SAINSBURY,310207,"Bitter, 4 cans, 3.4%-7.5% ABV",http://www.sainsburys.co.uk/shop/gb/groceries/drinks/ale-stout,bitter,0.0,JOSEPH HOLT MAPLE MOON 500ML (4.8% ABV),£2.00/unit,2.0,£4.00 / 1 ltr,4.0,1,ltr,4.0,l,,
2015-11-04 09:44:24.384074,SAINSBURY,310207,"Bitter, 4 cans, 3.4%-7.5% ABV",http://www.sainsburys.co.uk/shop/gb/groceries/drinks/ale-stout,bitter,0.0,MARSTON'S OLD EMPIRE ALE IPA 500ML,£2.00/unit,2.0,£4.00 / 1 ltr,4.0,1,ltr,4.0,l,,
2015-11-04 09:44:24.386728,SAINSBURY,310207,"Bitter, 4 cans, 3.4%-7.5% ABV",http://www.sainsburys.co.uk/shop/gb/groceries/drinks/ale-stout,bitter,0.0,MARSTON'S PALE ALE 500ML (2.8% ABV),£1.20/unit,1.2,£2.40 / 1 ltr,2.4,1,ltr,2.4,l,,
2015-11-04 09:44:24.389310,SAINSBURY,310207,"Bitter, 4 cans, 3.4%-7.5% ABV",http://www.sainsburys.co.uk/shop/gb/groceries/drinks/ale-stout,bitter,0.0,MARSTON'S PEDIGREE ALE 500ML,£2.00/unit,2.0,£4.00 / 1 ltr,4.0,1,ltr,4.0,l,Buy any 3 for £5.00,Buy any 3 for £5.00
2015-11-04 09:44:24.391887,SAINSBURY,310207,"Bitter, 4 cans, 3.4%-7.5% ABV",http://www.sainsburys.co.uk/shop/gb/groceries/drinks/ale-stout,bitter,0.0,MCEWAN'S CHAMPION ALE 500ML,£2.00/unit,2.0,£4.00 / 1 ltr,4.0,1,ltr,4.0,l,Buy any 3 for £5.00,Buy any 3 for £5.00
2015-11-04 09:44:24.394517,SAINSBURY,310207,"Bitter, 4 cans, 3.4%-7.5% ABV",http://www.sainsburys.co.uk/shop/gb/groceries/drinks/ale-stout,bitter,0.0,MEANTIME LONDON PALE ALE 330ML,£1.75/unit,1.75,£5.30 / 1 ltr,5.3,1,ltr,5.3,l,,
2015-11-04 09:44:24.459839,SAINSBURY,211501,"Cheese Cheddar, home produced, per kg",http://www.sainsburys.co.uk/shop/gb/groceries/dairy-eggs-chilled/cheddar-british-regional-cheese,british cheddar ,1.0,SAINSBURY'S BRITISH MILD CHEDDAR SLICES 240G,£2.00/unit,2.0,£8.33 / 1 kg,8.33,1,kg,8.33,kg,,
2015-11-04 09:44:24.465361,SAINSBURY,211501,"Cheese Cheddar, home produced, per kg",http://www.sainsburys.co.uk/shop/gb/groceries/dairy-eggs-chilled/cheddar-british-regional-cheese,british cheddar ,0.0,"SAINSBURY'S BUTLERS FARMHOUSE GLOUCESTER, TASTE THE DIFFERENCE 240G",£2.50/unit,2.5,£10.42 / 1 kg,10.42,1,kg,10.42,kg,,
2015-11-04 09:44:24.473196,SAINSBURY,211501,"Cheese Cheddar, home produced, per kg",http://www.sainsburys.co.uk/shop/gb/groceries/dairy-eggs-chilled/cheddar-british-regional-cheese,british cheddar ,0.0,"SAINSBURY'S BUTLERS FARMHOUSE RED LEICESTER, TASTE THE DIFFERENCE 240G",£2.50/unit,2.5,£10.42 / 1 kg,10.42,1,kg,10.42,kg,,
2015-11-04 09:44:24.478424,SAINSBURY,211501,"Cheese Cheddar, home produced, per kg",http://www.sainsburys.co.uk/shop/gb/groceries/dairy-eggs-chilled/cheddar-british-regional-cheese,british cheddar ,0.0,"SAINSBURY'S BUTLERS FARMHOUSE TRADITIONAL LANCASHIRE, TASTE THE DIFFERENCE 240G",£2.50/unit,2.5,£10.42 / 1 kg,10.42,1,kg,10.42,kg,,
2015-11-04 09:44:24.492953,SAINSBURY,211901,"Tea bags, per packet of 80, 250g",http://www.sainsburys.co.uk/shop/gb/groceries/drinks/everyday-tea,80 250g,0.0,TWININGS ENGLISH BREAKFAST X200 TEA BAGS 500G,£7.50/unit,7.5,£1.50 / 100g,1.5,100,g,15.0,kg,,
2015-11-04 09:44:24.498309,SAINSBURY,211501,"Cheese Cheddar, home produced, per kg",http://www.sainsburys.co.uk/shop/gb/groceries/dairy-eggs-chilled/cheddar-british-regional-cheese,british cheddar ,0.0,SAINSBURY'S CAERPHILLY 250G,£1.50/unit,1.5,£6.00 / 1 kg,6.0,1,kg,6.0,kg,Only £1.50: Save 20p,Only £1.50: Save 20p
2015-11-04 09:44:24.503402,SAINSBURY,211501,"Cheese Cheddar, home produced, per kg",http://www.sainsburys.co.uk/shop/gb/groceries/dairy-eggs-chilled/cheddar-british-regional-cheese,british cheddar ,0.0,"SAINSBURY'S CAVE AGED FARMHOUSE MATURE CHEDDAR, TASTE THE DIFFERENCE 200G",£1.50/unit,1.5,£7.50 / 1 kg,7.5,1,kg,7.5,kg,Only £1.50: Save £1.00,Only £1.50: Save £1.00
2015-11-04 09:44:24.507392,SAINSBURY,211901,"Tea bags, per packet of 80, 250g",http://www.sainsburys.co.uk/shop/gb/groceries/drinks/everyday-tea,80 250g,0.0,TWININGS ENGLISH BREAKFAST X50 TEA BAGS 125G,£2.80/unit,2.8,£2.24 / 100g,2.24,100,g,22.4,kg,,
2015-11-04 09:44:24.511089,SAINSBURY,211901,"Tea bags, per packet of 80, 250g",http://www.sainsburys.co.uk/shop/gb/groceries/drinks/everyday-tea,80 250g,0.5,TWININGS ENGLISH STRONG BREAKFAST 1706 X80 TEA BAGS 250G,£3.00/unit,3.0,£1.20 / 100g,1.2,100,g,12.0,kg,Only £3.00: Save £1.50,Only £3.00: Save £1.50
2015-11-04 09:44:24.514748,SAINSBURY,211901,"Tea bags, per packet of 80, 250g",http://www.sainsburys.co.uk/shop/gb/groceries/drinks/everyday-tea,80 250g,0.0,TWININGS EVERYDAY X100 TEA BAGS 290G,£3.00/unit,3.0,£0.91 / 100g,0.91,100,g,9.1,kg,Only £3.00: Save £1.50,Only £3.00: Save £1.50
2015-11-04 09:44:24.519789,SAINSBURY,211501,"Cheese Cheddar, home produced, per kg",http://www.sainsburys.co.uk/shop/gb/groceries/dairy-eggs-chilled/cheddar-british-regional-cheese,british cheddar ,0.5,SAINSBURY'S CHEDDAR WITH GARLIC & HERBS 200G,£2.00/unit,2.0,£10.00 / 1 kg,10.0,1,kg,10.0,kg,Buy any 2 for £3.00,Buy any 2 for £3.00
2015-11-04 09:44:24.524616,SAINSBURY,211501,"Cheese Cheddar, home produced, per kg",http://www.sainsburys.co.uk/shop/gb/groceries/dairy-eggs-chilled/cheddar-british-regional-cheese,british cheddar ,0.5,SAINSBURY'S CHEDDAR WITH SILVERSKIN ONION & HERB 200G,£2.00/unit,2.0,£10.00 / 1 kg,10.0,1,kg,10.0,kg,Buy any 2 for £3.00,Buy any 2 for £3.00
2015-11-04 09:44:24.529276,SAINSBURY,211501,"Cheese Cheddar, home produced, per kg",http://www.sainsburys.co.uk/shop/gb/groceries/dairy-eggs-chilled/cheddar-british-regional-cheese,british cheddar ,0.0,"SAINSBURY'S CHEESE SELECTION, BASICS 320G",£3.00/unit,3.0,£9.38 / 1 kg,9.38,1,kg,9.38,kg,,
2015-11-04 09:44:24.532906,SAINSBURY,211901,"Tea bags, per packet of 80, 250g",http://www.sainsburys.co.uk/shop/gb/groceries/drinks/everyday-tea,80 250g,0.0,TWININGS EVERYDAY X200 TEA BAGS 580G,£7.50/unit,7.5,£1.21 / 100g,1.21,100,g,12.1,kg,,
2015-11-04 09:44:24.536386,SAINSBURY,211901,"Tea bags, per packet of 80, 250g",http://www.sainsburys.co.uk/shop/gb/groceries/drinks/everyday-tea,80 250g,0.0,TWININGS EVERYDAY X50 TEA BAGS 145G,£2.70/unit,2.7,£1.59 / 100g,1.59,100,g,15.9,kg,,
2015-11-04 09:44:24.539636,SAINSBURY,211901,"Tea bags, per packet of 80, 250g",http://www.sainsburys.co.uk/shop/gb/groceries/drinks/everyday-tea,80 250g,0.5,"YORKSHIRE EVERYDAY GOLD LOOSE TEA, 250G",£2.30/unit,2.3,£0.92 / 100g,0.92,100,g,9.2,kg,,
2015-11-04 09:44:24.544509,SAINSBURY,211501,"Cheese Cheddar, home produced, per kg",http://www.sainsburys.co.uk/shop/gb/groceries/dairy-eggs-chilled/cheddar-british-regional-cheese,british cheddar ,0.0,SAINSBURY'S DEWLAY'S DAIRY LANCASHIRE 250G,£1.50/unit,1.5,£6.00 / 1 kg,6.0,1,kg,6.0,kg,Only £1.50: Save 20p,Only £1.50: Save 20p
2015-11-04 09:44:24.549054,SAINSBURY,211501,"Cheese Cheddar, home produced, per kg",http://www.sainsburys.co.uk/shop/gb/groceries/dairy-eggs-chilled/cheddar-british-regional-cheese,british cheddar ,0.0,SAINSBURY'S DOUBLE GLOUCESTER & CHIVE 200G,£2.00/unit,2.0,£10.00 / 1 kg,10.0,1,kg,10.0,kg,Buy any 2 for £3.00,Buy any 2 for £3.00
2015-11-04 09:44:24.553363,SAINSBURY,211501,"Cheese Cheddar, home produced, per kg",http://www.sainsburys.co.uk/shop/gb/groceries/dairy-eggs-chilled/cheddar-british-regional-cheese,british cheddar ,0.0,SAINSBURY'S DOUBLE GLOUCESTER 250G,£1.50/unit,1.5,£6.00 / 1 kg,6.0,1,kg,6.0,kg,Only £1.50: Save 20p,Only £1.50: Save 20p
2015-11-04 09:44:24.556671,SAINSBURY,211901,"Tea bags, per packet of 80, 250g",http://www.sainsburys.co.uk/shop/gb/groceries/drinks/everyday-tea,80 250g,0.0,YORKSHIRE EVERYDAY GOLD TEA BAGS X160,£5.75/unit,5.75,£1.15 / 100g,1.15,100,g,11.5,kg,,
2015-11-04 09:44:24.559738,SAINSBURY,211901,"Tea bags, per packet of 80, 250g",http://www.sainsburys.co.uk/shop/gb/groceries/drinks/everyday-tea,80 250g,0.0,YORKSHIRE EVERYDAY GOLD TEA BAGS X80,£3.00/unit,3.0,£1.20 / 100g,1.2,100,g,12.0,kg,,
2015-11-04 09:44:24.562638,SAINSBURY,211901,"Tea bags, per packet of 80, 250g",http://www.sainsburys.co.uk/shop/gb/groceries/drinks/everyday-tea,80 250g,0.0,YORKSHIRE EVERYDAY TEA BAGS DECAFFEINATED X80,£2.00/unit,2.0,£0.80 / 100g,0.8,100,g,8.0,kg,Only £2.00: Save 60p,Only £2.00: Save 60p
2015-11-04 09:44:24.565615,SAINSBURY,211901,"Tea bags, per packet of 80, 250g",http://www.sainsburys.co.uk/shop/gb/groceries/drinks/everyday-tea,80 250g,0.0,YORKSHIRE EVERYDAY TEA BAGS X160,£4.50/unit,4.5,£0.90 / 100g,0.9,100,g,9.0,kg,,
2015-11-04 09:44:24.574385,SAINSBURY,211501,"Cheese Cheddar, home produced, per kg",http://www.sainsburys.co.uk/shop/gb/groceries/dairy-eggs-chilled/cheddar-british-regional-cheese,british cheddar ,0.0,"SAINSBURY'S ENGLISH VINTAGE RESERVE CHEDDAR, TASTE THE DIFFERENCE 250G",£2.75/unit,2.75,£11.00 / 1 kg,11.0,1,kg,11.0,kg,,
2015-11-04 09:44:24.578461,SAINSBURY,211501,"Cheese Cheddar, home produced, per kg",http://www.sainsburys.co.uk/shop/gb/groceries/dairy-eggs-chilled/cheddar-british-regional-cheese,british cheddar ,0.5,SAINSBURY'S EXTRA MATURE CANADIAN CHEDDAR CHEESE 400G,£3.50/unit,3.5,£8.75 / 1 kg,8.75,1,kg,8.75,kg,,
2015-11-04 09:44:24.582392,SAINSBURY,211501,"Cheese Cheddar, home produced, per kg",http://www.sainsburys.co.uk/shop/gb/groceries/dairy-eggs-chilled/cheddar-british-regional-cheese,british cheddar ,0.5,SAINSBURY'S EXTRA MATURE GRATED CHEDDAR 500G,£3.50/unit,3.5,£7.00 / 1 kg,7.0,1,kg,7.0,kg,,
2015-11-04 09:44:24.585213,SAINSBURY,211901,"Tea bags, per packet of 80, 250g",http://www.sainsburys.co.uk/shop/gb/groceries/drinks/everyday-tea,80 250g,0.0,YORKSHIRE EVERYDAY TEA BAGS X240,£5.75/unit,5.75,£0.77 / 100g,0.77,100,g,7.7,kg,,
2015-11-04 09:44:24.587781,SAINSBURY,211901,"Tea bags, per packet of 80, 250g",http://www.sainsburys.co.uk/shop/gb/groceries/drinks/everyday-tea,80 250g,0.0,YORKSHIRE EVERYDAY TEA BAGS X80,£2.00/unit,2.0,£0.80 / 100g,0.8,100,g,8.0,kg,Only £2.00: Save 50p,Only £2.00: Save 50p
2015-11-04 09:44:24.590437,SAINSBURY,211901,"Tea bags, per packet of 80, 250g",http://www.sainsburys.co.uk/shop/gb/groceries/drinks/everyday-tea,80 250g,0.0,YORKSHIRE HARD WATER BLEND TEA BAGS X80,£2.00/unit,2.0,£0.80 / 100g,0.8,100,g,8.0,kg,Only £2.00: Save 50p,Only £2.00: Save 50p
2015-11-04 09:44:24.592941,SAINSBURY,211901,"Tea bags, per packet of 80, 250g",http://www.sainsburys.co.uk/shop/gb/groceries/drinks/everyday-tea,80 250g,0.0,YORKSHIRE HARD WATER TEA BAGS X160,£4.50/unit,4.5,£0.90 / 100g,0.9,100,g,9.0,kg,,
2015-11-04 09:44:24.598844,SAINSBURY,211501,"Cheese Cheddar, home produced, per kg",http://www.sainsburys.co.uk/shop/gb/groceries/dairy-eggs-chilled/cheddar-british-regional-cheese,british cheddar ,0.5,SAINSBURY'S EXTRA MATURED FARMHOUSE CHEDDAR 170G,£2.50/unit,2.5,£14.71 / 1 kg,14.71,1,kg,14.71,kg,Only £2.50: Save 50p,Only £2.50: Save 50p
2015-11-04 09:44:24.602712,SAINSBURY,211501,"Cheese Cheddar, home produced, per kg",http://www.sainsburys.co.uk/shop/gb/groceries/dairy-eggs-chilled/cheddar-british-regional-cheese,british cheddar ,0.0,"SAINSBURY'S FARMHOUSE MATURE CHEDDAR, SO ORGANIC 270G",£2.75/unit,2.75,£10.19 / 1 kg,10.19,1,kg,10.19,kg,,
2015-11-04 09:44:24.606233,SAINSBURY,211501,"Cheese Cheddar, home produced, per kg",http://www.sainsburys.co.uk/shop/gb/groceries/dairy-eggs-chilled/cheddar-british-regional-cheese,british cheddar ,0.0,SAINSBURY'S FAVOURITE CHEESE SELECTION 456G,£5.00/unit,5.0,£10.96 / 1 kg,10.96,1,kg,10.96,kg,,
2015-11-04 09:44:24.622869,SAINSBURY,210302,Plain Biscuits (eg. Digestive),http://www.sainsburys.co.uk/shop/gb/groceries/food-cupboard/biscuit-barrel,digestives,0.0,SAINSBURY'S SHORTCAKE 200G,£0.55/unit,0.55,£0.28 / 100g,0.28,100,g,2.8,kg,,
2015-11-04 09:44:24.626385,SAINSBURY,211501,"Cheese Cheddar, home produced, per kg",http://www.sainsburys.co.uk/shop/gb/groceries/dairy-eggs-chilled/cheddar-british-regional-cheese,british cheddar ,0.0,"SAINSBURY'S FULL FLAVOUR CHEDDAR, BASICS 1KG",£4.50/unit,4.5,£4.50 / 1 kg,4.5,1,kg,4.5,kg,,
2015-11-04 09:44:24.629678,SAINSBURY,211501,"Cheese Cheddar, home produced, per kg",http://www.sainsburys.co.uk/shop/gb/groceries/dairy-eggs-chilled/cheddar-british-regional-cheese,british cheddar ,0.0,"SAINSBURY'S FULL FLAVOUR CHEDDAR, BASICS 300G",£2.00/unit,2.0,£6.67 / 1 kg,6.67,1,kg,6.67,kg,,
2015-11-04 09:44:24.632848,SAINSBURY,211501,"Cheese Cheddar, home produced, per kg",http://www.sainsburys.co.uk/shop/gb/groceries/dairy-eggs-chilled/cheddar-british-regional-cheese,british cheddar ,0.0,"SAINSBURY'S FULL FLAVOUR CHEDDAR, BASICS 625G",£2.90/unit,2.9,£4.64 / 1 kg,4.64,1,kg,4.64,kg,,
2015-11-04 09:44:24.635845,SAINSBURY,211501,"Cheese Cheddar, home produced, per kg",http://www.sainsburys.co.uk/shop/gb/groceries/dairy-eggs-chilled/cheddar-british-regional-cheese,british cheddar ,0.0,"SAINSBURY'S GRATED CHEDDAR, SO ORGANIC 200G",£1.85/unit,1.85,£9.25 / 1 kg,9.25,1,kg,9.25,kg,,
2015-11-04 09:44:24.638962,SAINSBURY,210302,Plain Biscuits (eg. Digestive),http://www.sainsburys.co.uk/shop/gb/groceries/food-cupboard/biscuit-barrel,digestives,0.0,SAINSBURY'S SHORTCAKE 400G,£1.00/unit,1.0,£0.25 / 100g,0.25,100,g,2.5,kg,,
2015-11-04 09:44:24.641974,SAINSBURY,210302,Plain Biscuits (eg. Digestive),http://www.sainsburys.co.uk/shop/gb/groceries/food-cupboard/biscuit-barrel,digestives,0.0,"SAINSBURY'S SHORTIES BISCUITS, RICH HIGHLAND 400G",£1.00/unit,1.0,£0.25 / 100g,0.25,100,g,2.5,kg,,
2015-11-04 09:44:24.644897,SAINSBURY,210302,Plain Biscuits (eg. Digestive),http://www.sainsburys.co.uk/shop/gb/groceries/food-cupboard/biscuit-barrel,digestives,0.0,SAINSBURY'S VARIETY BISCUITS 700G,£1.40/unit,1.4,£0.20 / 100g,0.2,100,g,2.0,kg,,
2015-11-04 09:44:24.647652,SAINSBURY,210302,Plain Biscuits (eg. Digestive),http://www.sainsburys.co.uk/shop/gb/groceries/food-cupboard/biscuit-barrel,digestives,0.0,SCHAR GLUTEN FREE BOURBON BISCUITS 125G,£1.50/unit,1.5,£1.20 / 100g,1.2,100,g,12.0,kg,,
2015-11-04 09:44:24.650718,SAINSBURY,211501,"Cheese Cheddar, home produced, per kg",http://www.sainsburys.co.uk/shop/gb/groceries/dairy-eggs-chilled/cheddar-british-regional-cheese,british cheddar ,0.0,"SAINSBURY'S KEEN'S EXTRA MATURE WEST COUNTRY FARMHOUSE CHEDDAR, TASTE THE DIFFERENCE 200G",£2.50/unit,2.5,£12.50 / 1 kg,12.5,1,kg,12.5,kg,,
2015-11-04 09:44:24.653733,SAINSBURY,211501,"Cheese Cheddar, home produced, per kg",http://www.sainsburys.co.uk/shop/gb/groceries/dairy-eggs-chilled/cheddar-british-regional-cheese,british cheddar ,0.5,SAINSBURY'S LIGHTER EXTRA MATURE CHEDDAR 270G,£2.15/unit,2.15,£7.96 / 1 kg,7.96,1,kg,7.96,kg,,
2015-11-04 09:44:24.656528,SAINSBURY,211501,"Cheese Cheddar, home produced, per kg",http://www.sainsburys.co.uk/shop/gb/groceries/dairy-eggs-chilled/cheddar-british-regional-cheese,british cheddar ,0.5,SAINSBURY'S LIGHTER MATURE CHEDDAR 270G,£2.15/unit,2.15,£7.96 / 1 kg,7.96,1,kg,7.96,kg,,
2015-11-04 09:44:24.659209,SAINSBURY,211501,"Cheese Cheddar, home produced, per kg",http://www.sainsburys.co.uk/shop/gb/groceries/dairy-eggs-chilled/cheddar-british-regional-cheese,british cheddar ,0.5,SAINSBURY'S LIGHTER MATURE CHEDDAR 400G,£3.00/unit,3.0,£7.50 / 1 kg,7.5,1,kg,7.5,kg,Buy any 2 for £5.00,Buy any 2 for £5.00
2015-11-04 09:44:24.662103,SAINSBURY,210302,Plain Biscuits (eg. Digestive),http://www.sainsburys.co.uk/shop/gb/groceries/food-cupboard/biscuit-barrel,digestives,0.0,SCHAR GLUTEN FREE CUSTARD CREAMS 125G,£1.50/unit,1.5,£1.20 / 100g,1.2,100,g,12.0,kg,,
2015-11-04 09:44:24.664741,SAINSBURY,210302,Plain Biscuits (eg. Digestive),http://www.sainsburys.co.uk/shop/gb/groceries/food-cupboard/biscuit-barrel,digestives,0.0,WEIGHT WATCHERS BOURBON CREAM BISCUITS 132G,£1.50/unit,1.5,£1.14 / 100g,1.14,100,g,11.4,kg,,
2015-11-04 09:44:24.667212,SAINSBURY,210302,Plain Biscuits (eg. Digestive),http://www.sainsburys.co.uk/shop/gb/groceries/food-cupboard/biscuit-barrel,digestives,0.0,WEIGHT WATCHERS CARAMEL WAFER BISCUITS 92G,£1.50/unit,1.5,£1.63 / 100g,1.63,100,g,16.3,kg,,
2015-11-04 09:44:24.669556,SAINSBURY,210302,Plain Biscuits (eg. Digestive),http://www.sainsburys.co.uk/shop/gb/groceries/food-cupboard/biscuit-barrel,digestives,0.0,WEIGHT WATCHERS CUSTARD CREAM BISCUITS 132G,£1.50/unit,1.5,£1.14 / 100g,1.14,100,g,11.4,kg,,
2015-11-04 09:44:24.672230,SAINSBURY,211501,"Cheese Cheddar, home produced, per kg",http://www.sainsburys.co.uk/shop/gb/groceries/dairy-eggs-chilled/cheddar-british-regional-cheese,british cheddar ,0.0,SAINSBURY'S LIGHTER MATURE CHEESE SLICES 240G,£2.00/unit,2.0,£8.33 / 1 kg,8.33,1,kg,8.33,kg,,
2015-11-04 09:44:24.674614,SAINSBURY,211501,"Cheese Cheddar, home produced, per kg",http://www.sainsburys.co.uk/shop/gb/groceries/dairy-eggs-chilled/cheddar-british-regional-cheese,british cheddar ,0.0,SAINSBURY'S LIGHTER MATURE GRATED 250G,£1.50/unit,1.5,£6.00 / 1 kg,6.0,1,kg,6.0,kg,Only £1.50: Save 50p,Only £1.50: Save 50p
2015-11-04 09:44:24.944338,SAINSBURY,310401,"Whisky, bottle",http://www.sainsburys.co.uk/shop/gb/groceries/drinks/all-whisky,whisky,0.0,JACK DANIEL'S WINTER JACK WHISKEY 70CL,£12.00/unit,12.0,£17.14 / 1 ltr,17.14,1,ltr,17.14,l,,
2015-11-04 09:44:24.949975,SAINSBURY,310401,"Whisky, bottle",http://www.sainsburys.co.uk/shop/gb/groceries/drinks/all-whisky,whisky,0.0,JAMESON IRISH WHISKEY 35CL,£10.00/unit,10.0,£28.57 / 1 ltr,28.57,1,ltr,28.57,l,Only £10.00: Save £3.00,Only £10.00: Save £3.00
2015-11-04 09:44:24.955670,SAINSBURY,310401,"Whisky, bottle",http://www.sainsburys.co.uk/shop/gb/groceries/drinks/all-whisky,whisky,0.0,JAMESON IRISH WHISKEY 70CL,£22.00/unit,22.0,£31.43 / 1 ltr,31.43,1,ltr,31.43,l,,
2015-11-04 09:44:24.961195,SAINSBURY,310401,"Whisky, bottle",http://www.sainsburys.co.uk/shop/gb/groceries/drinks/all-whisky,whisky,0.0,JIM BEAM BOURBON 70CL,£15.00/unit,15.0,£21.43 / 1 ltr,21.43,1,ltr,21.43,l,Only £15.00: Save £2.00,Only £15.00: Save £2.00
2015-11-04 09:44:24.966677,SAINSBURY,310401,"Whisky, bottle",http://www.sainsburys.co.uk/shop/gb/groceries/drinks/all-whisky,whisky,0.0,JIM BEAM RED STAG BLACK CHERRY 70CL,£15.00/unit,15.0,£21.43 / 1 ltr,21.43,1,ltr,21.43,l,Only £15.00: Save £2.00,Only £15.00: Save £2.00
2015-11-04 09:44:24.971926,SAINSBURY,310401,"Whisky, bottle",http://www.sainsburys.co.uk/shop/gb/groceries/drinks/all-whisky,whisky,1.0,JOHNNIE WALKER BLACK LABEL WHISKY 70CL,£30.00/unit,30.0,£42.86 / 1 ltr,42.86,1,ltr,42.86,l,,
2015-11-04 09:44:24.977014,SAINSBURY,310401,"Whisky, bottle",http://www.sainsburys.co.uk/shop/gb/groceries/drinks/all-whisky,whisky,0.0,JOHNNIE WALKER GOLD LABEL RESERVE 70CL,£44.00/unit,44.0,£62.86 / 1 ltr,62.86,1,ltr,62.86,l,,
2015-11-04 09:44:24.981829,SAINSBURY,310401,"Whisky, bottle",http://www.sainsburys.co.uk/shop/gb/groceries/drinks/all-whisky,whisky,0.0,JOHNNIE WALKER RED LABEL 70CL,£20.00/unit,20.0,£28.57 / 1 ltr,28.57,1,ltr,28.57,l,,
2015-11-04 09:44:24.986468,SAINSBURY,310401,"Whisky, bottle",http://www.sainsburys.co.uk/shop/gb/groceries/drinks/all-whisky,whisky,1.0,LAPHROAIG 10 YEAR OLD MALT WHISKY 70CL,£30.00/unit,30.0,£42.86 / 1 ltr,42.86,1,ltr,42.86,l,Only £30.00: Save £5.00,Only £30.00: Save £5.00
2015-11-04 09:44:24.991276,SAINSBURY,310401,"Whisky, bottle",http://www.sainsburys.co.uk/shop/gb/groceries/drinks/all-whisky,whisky,0.0,LONGMORN 70CL,£50.00/unit,50.0,£71.43 / 1 ltr,71.43,1,ltr,71.43,l,,
2015-11-04 09:44:24.995966,SAINSBURY,310401,"Whisky, bottle",http://www.sainsburys.co.uk/shop/gb/groceries/drinks/all-whisky,whisky,0.0,MACALLAN 1824 GOLD 70CL,£35.00/unit,35.0,£50.00 / 1 ltr,50.0,1,ltr,50.0,l,,
2015-11-04 09:44:25.000286,SAINSBURY,310401,"Whisky, bottle",http://www.sainsburys.co.uk/shop/gb/groceries/drinks/all-whisky,whisky,0.0,MAKERS MARK BOURBON 70CL,£30.00/unit,30.0,£42.86 / 1 ltr,42.86,1,ltr,42.86,l,,
2015-11-04 09:44:25.010772,SAINSBURY,310401,"Whisky, bottle",http://www.sainsburys.co.uk/shop/gb/groceries/drinks/all-whisky,whisky,1.0,MONKEY SHOULDER TRIPLE MALT SCOTCH WHISKY 70CL,£26.00/unit,26.0,£37.14 / 1 ltr,37.14,1,ltr,37.14,l,,
2015-11-04 09:44:25.014936,SAINSBURY,310401,"Whisky, bottle",http://www.sainsburys.co.uk/shop/gb/groceries/drinks/all-whisky,whisky,1.0,OLD PULTENEY MALT WHISKY 70CL,£30.00/unit,30.0,£42.86 / 1 ltr,42.86,1,ltr,42.86,l,,
2015-11-04 09:44:25.019006,SAINSBURY,310401,"Whisky, bottle",http://www.sainsburys.co.uk/shop/gb/groceries/drinks/all-whisky,whisky,1.0,PENDERYN WELSH WHISKY 70CL,£35.00/unit,35.0,£50.00 / 1 ltr,50.0,1,ltr,50.0,l,,
2015-11-04 09:44:25.024318,SAINSBURY,310401,"Whisky, bottle",http://www.sainsburys.co.uk/shop/gb/groceries/drinks/all-whisky,whisky,1.0,SAINSBURY'S BLENDED WHISKY 1.5L,£24.50/unit,24.5,£16.33 / 1 ltr,16.33,1,ltr,16.33,l,,
2015-11-04 09:44:25.028288,SAINSBURY,310401,"Whisky, bottle",http://www.sainsburys.co.uk/shop/gb/groceries/drinks/all-whisky,whisky,1.0,SAINSBURY'S BLENDED WHISKY 1L,£17.00/unit,17.0,£17.00 / 1 ltr,17.0,1,ltr,17.0,l,,
2015-11-04 09:44:25.031892,SAINSBURY,310401,"Whisky, bottle",http://www.sainsburys.co.uk/shop/gb/groceries/drinks/all-whisky,whisky,1.0,SAINSBURY'S BLENDED WHISKY 35CL,£6.50/unit,6.5,£18.57 / 1 ltr,18.57,1,ltr,18.57,l,,
2015-11-04 09:44:25.052742,SAINSBURY,310401,"Whisky, bottle",http://www.sainsburys.co.uk/shop/gb/groceries/drinks/all-whisky,whisky,1.0,SAINSBURY'S BLENDED WHISKY 70CL,£12.50/unit,12.5,£17.86 / 1 ltr,17.86,1,ltr,17.86,l,,
2015-11-04 09:44:25.056178,SAINSBURY,310401,"Whisky, bottle",http://www.sainsburys.co.uk/shop/gb/groceries/drinks/all-whisky,whisky,0.0,"SAINSBURY'S HIGHLAND MALT SCOTCH WHISKY, TASTE THE DIFFERENCE 70CL",£18.00/unit,18.0,£25.71 / 1 ltr,25.71,1,ltr,25.71,l,Only £18.00: Save £2.00,Only £18.00: Save £2.00
2015-11-04 09:44:25.059585,SAINSBURY,310401,"Whisky, bottle",http://www.sainsburys.co.uk/shop/gb/groceries/drinks/all-whisky,whisky,0.0,SAINSBURY'S KENTUCKY BOURBON WHISKEY 70CL,£13.00/unit,13.0,£18.57 / 1 ltr,18.57,1,ltr,18.57,l,,
2015-11-04 09:44:25.067525,SAINSBURY,212016,"Fresh/Chilled Orange Juice, eg. Tropicana",http://www.sainsburys.co.uk/shop/gb/groceries/drinks/drinks-chilled-fruit-juice,fresh orange juice ,0.33,SAINSBURY'S CRANBERRY & RASPBERRY JUICE DRINK 1L,£1.00/unit,1.0,£0.10 / 100ml,0.1,100,ml,1.0,l,Buy any 3 for £2.50,Buy any 3 for £2.50
2015-11-04 09:44:25.073098,SAINSBURY,212016,"Fresh/Chilled Orange Juice, eg. Tropicana",http://www.sainsburys.co.uk/shop/gb/groceries/drinks/drinks-chilled-fruit-juice,fresh orange juice ,0.33,SAINSBURY'S CRANBERRY JUICE DRINK 1L,£1.00/unit,1.0,£0.10 / 100ml,0.1,100,ml,1.0,l,Buy any 3 for £2.50,Buy any 3 for £2.50
2015-11-04 09:44:25.076678,SAINSBURY,310401,"Whisky, bottle",http://www.sainsburys.co.uk/shop/gb/groceries/drinks/all-whisky,whisky,0.0,"SAINSBURY'S SCOTCH WHISKY, BASICS 70CL",£11.50/unit,11.5,£16.43 / 1 ltr,16.43,1,ltr,16.43,l,,
2015-11-04 09:44:25.079683,SAINSBURY,310401,"Whisky, bottle",http://www.sainsburys.co.uk/shop/gb/groceries/drinks/all-whisky,whisky,0.0,"SAINSBURY'S SPEYSIDE WHISKY, TASTE THE DIFFERENCE 70CL",£20.00/unit,20.0,£28.57 / 1 ltr,28.57,1,ltr,28.57,l,,
2015-11-04 09:44:25.082554,SAINSBURY,310401,"Whisky, bottle",http://www.sainsburys.co.uk/shop/gb/groceries/drinks/all-whisky,whisky,1.0,STRATHISLA 12 YEAR OLD MALT WHISKY 70CL,£27.00/unit,27.0,£38.57 / 1 ltr,38.57,1,ltr,38.57,l,Only £27.00: Save £8.00,Only £27.00: Save £8.00
2015-11-04 09:44:25.085411,SAINSBURY,310401,"Whisky, bottle",http://www.sainsburys.co.uk/shop/gb/groceries/drinks/all-whisky,whisky,1.0,TEACHER'S WHISKY 1L,£18.00/unit,18.0,£18.00 / 1 ltr,18.0,1,ltr,18.0,l,Only £18.00: Save £2.00,Only £18.00: Save £2.00
2015-11-04 09:44:25.091156,SAINSBURY,212016,"Fresh/Chilled Orange Juice, eg. Tropicana",http://www.sainsburys.co.uk/shop/gb/groceries/drinks/drinks-chilled-fruit-juice,fresh orange juice ,0.33,SAINSBURY'S CRANBERRY REDUCED SUGAR JUICE DRINK WITH STEVIA 1L,£1.00/unit,1.0,£0.10 / 100ml,0.1,100,ml,1.0,l,Buy any 3 for £2.50,Buy any 3 for £2.50
2015-11-04 09:44:25.096784,SAINSBURY,212016,"Fresh/Chilled Orange Juice, eg. Tropicana",http://www.sainsburys.co.uk/shop/gb/groceries/drinks/drinks-chilled-fruit-juice,fresh orange juice ,0.0,"SAINSBURY'S FRESHLY SQUEEZED LEMONADE, TASTE THE DIFFERENCE 1L",£2.50/unit,2.5,£0.25 / 100ml,0.25,100,ml,2.5,l,,
2015-11-04 09:44:25.099793,SAINSBURY,310401,"Whisky, bottle",http://www.sainsburys.co.uk/shop/gb/groceries/drinks/all-whisky,whisky,1.0,TEACHER'S WHISKY 70CL,£15.00/unit,15.0,£21.43 / 1 ltr,21.43,1,ltr,21.43,l,,
2015-11-04 09:44:25.102332,SAINSBURY,310401,"Whisky, bottle",http://www.sainsburys.co.uk/shop/gb/groceries/drinks/all-whisky,whisky,1.0,THE FAMOUS GROUSE SMOKY BLACK WHISKY 70CL,£20.00/unit,20.0,£28.57 / 1 ltr,28.57,1,ltr,28.57,l,,
2015-11-04 09:44:25.104710,SAINSBURY,310401,"Whisky, bottle",http://www.sainsburys.co.uk/shop/gb/groceries/drinks/all-whisky,whisky,1.0,THE FAMOUS GROUSE WHISKY 1L,£22.00/unit,22.0,£22.00 / 1 ltr,22.0,1,ltr,22.0,l,,
2015-11-04 09:44:25.112773,SAINSBURY,212016,"Fresh/Chilled Orange Juice, eg. Tropicana",http://www.sainsburys.co.uk/shop/gb/groceries/drinks/drinks-chilled-fruit-juice,fresh orange juice ,0.67,"SAINSBURY'S FRESHLY SQUEEZED ORANGE JUICE WITH BITS, TASTE THE DIFFERENCE 1.5L",£3.00/unit,3.0,£0.20 / 100ml,0.2,100,ml,2.0,l,,
2015-11-04 09:44:25.118149,SAINSBURY,212016,"Fresh/Chilled Orange Juice, eg. Tropicana",http://www.sainsburys.co.uk/shop/gb/groceries/drinks/drinks-chilled-fruit-juice,fresh orange juice ,0.67,"SAINSBURY'S FRESHLY SQUEEZED ORANGE JUICE WITH BITS, TASTE THE DIFFERENCE 1L",£2.50/unit,2.5,£0.25 / 100ml,0.25,100,ml,2.5,l,,
2015-11-04 09:44:25.128660,SAINSBURY,212016,"Fresh/Chilled Orange Juice, eg. Tropicana",http://www.sainsburys.co.uk/shop/gb/groceries/drinks/drinks-chilled-fruit-juice,fresh orange juice ,0.67,"SAINSBURY'S FRESHLY SQUEEZED ORANGE JUICE WITH BITS, TASTE THE DIFFERENCE 250ML",£1.00/unit,1.0,£0.40 / 100ml,0.4,100,ml,4.0,l,,
2015-11-04 09:44:25.133675,SAINSBURY,212016,"Fresh/Chilled Orange Juice, eg. Tropicana",http://www.sainsburys.co.uk/shop/gb/groceries/drinks/drinks-chilled-fruit-juice,fresh orange juice ,0.67,"SAINSBURY'S FRESHLY SQUEEZED ORANGE JUICE WITH BITS, TASTE THE DIFFERENCE 500ML",£1.70/unit,1.7,£0.34 / 100ml,0.34,100,ml,3.4,l,,
2015-11-04 09:44:25.138807,SAINSBURY,212016,"Fresh/Chilled Orange Juice, eg. Tropicana",http://www.sainsburys.co.uk/shop/gb/groceries/drinks/drinks-chilled-fruit-juice,fresh orange juice ,0.33,"SAINSBURY'S FRESHLY SQUEEZED SMOOTH ORANGE JUICE, TASTE THE DIFFERENCE 1.5L",£3.00/unit,3.0,£0.20 / 100ml,0.2,100,ml,2.0,l,,
2015-11-04 09:44:25.143798,SAINSBURY,212016,"Fresh/Chilled Orange Juice, eg. Tropicana",http://www.sainsburys.co.uk/shop/gb/groceries/drinks/drinks-chilled-fruit-juice,fresh orange juice ,0.33,"SAINSBURY'S FRESHLY SQUEEZED SMOOTH ORANGE JUICE, TASTE THE DIFFERENCE 1L",£2.50/unit,2.5,£0.25 / 100ml,0.25,100,ml,2.5,l,,
2015-11-04 09:44:25.148404,SAINSBURY,212016,"Fresh/Chilled Orange Juice, eg. Tropicana",http://www.sainsburys.co.uk/shop/gb/groceries/drinks/drinks-chilled-fruit-juice,fresh orange juice ,0.33,SAINSBURY'S FRUIT COCKTAIL JUICE DRINK 2L,£1.40/unit,1.4,£0.07 / 100ml,0.07,100,ml,0.7,l,,
2015-11-04 09:44:25.153234,SAINSBURY,212016,"Fresh/Chilled Orange Juice, eg. Tropicana",http://www.sainsburys.co.uk/shop/gb/groceries/drinks/drinks-chilled-fruit-juice,fresh orange juice ,0.33,"SAINSBURY'S FRUIT COCKTAIL JUICE DRINK FROM CONCENTRATE, REDUCED SUGAR 2L",£1.40/unit,1.4,£0.07 / 100ml,0.07,100,ml,0.7,l,,
2015-11-04 09:44:25.157848,SAINSBURY,212016,"Fresh/Chilled Orange Juice, eg. Tropicana",http://www.sainsburys.co.uk/shop/gb/groceries/drinks/drinks-chilled-fruit-juice,fresh orange juice ,0.33,"SAINSBURY'S FRUIT COCKTAIL JUICE DRINK, BASICS 1L",£0.80/unit,0.8,£0.08 / 100ml,0.08,100,ml,0.8,l,,
2015-11-04 09:44:25.162193,SAINSBURY,212016,"Fresh/Chilled Orange Juice, eg. Tropicana",http://www.sainsburys.co.uk/shop/gb/groceries/drinks/drinks-chilled-fruit-juice,fresh orange juice ,0.33,"SAINSBURY'S GOOSEBERRY & ELDERFLOWER JUICE DRINK, NOT FROM CONCENTRATE 1L",£1.40/unit,1.4,£0.14 / 100ml,0.14,100,ml,1.4,l,Buy any 3 for £3.50,Buy any 3 for £3.50
2015-11-04 09:44:25.166597,SAINSBURY,212016,"Fresh/Chilled Orange Juice, eg. Tropicana",http://www.sainsburys.co.uk/shop/gb/groceries/drinks/drinks-chilled-fruit-juice,fresh orange juice ,0.33,SAINSBURY'S LEMONADE JUICE DRINK 1L,£1.40/unit,1.4,£0.14 / 100ml,0.14,100,ml,1.4,l,Buy any 3 for £3.50,Buy any 3 for £3.50
2015-11-04 09:44:25.170809,SAINSBURY,212016,"Fresh/Chilled Orange Juice, eg. Tropicana",http://www.sainsburys.co.uk/shop/gb/groceries/drinks/drinks-chilled-fruit-juice,fresh orange juice ,0.33,"SAINSBURY'S ORANGE & RASPBERRY JUICE, NOT FROM CONCENTRATE 1L",£1.40/unit,1.4,£0.14 / 100ml,0.14,100,ml,1.4,l,Buy any 3 for £3.50,Buy any 3 for £3.50
2015-11-04 09:44:25.174866,SAINSBURY,212016,"Fresh/Chilled Orange Juice, eg. Tropicana",http://www.sainsburys.co.uk/shop/gb/groceries/drinks/drinks-chilled-fruit-juice,fresh orange juice ,0.33,"SAINSBURY'S ORANGE JUICE, NOT FROM CONCENTRATE 330ML",£0.80/unit,0.8,£0.24 / 100ml,0.24,100,ml,2.4,l,,
2015-11-04 09:44:25.178870,SAINSBURY,212016,"Fresh/Chilled Orange Juice, eg. Tropicana",http://www.sainsburys.co.uk/shop/gb/groceries/drinks/drinks-chilled-fruit-juice,fresh orange juice ,0.33,"SAINSBURY'S ORANGE JUICE, SO ORGANIC 1L",£2.25/unit,2.25,£0.23 / 100ml,0.23,100,ml,2.3,l,,
2015-11-04 09:44:25.182508,SAINSBURY,212016,"Fresh/Chilled Orange Juice, eg. Tropicana",http://www.sainsburys.co.uk/shop/gb/groceries/drinks/drinks-chilled-fruit-juice,fresh orange juice ,0.0,"SAINSBURY'S ORANGE, MANGO & PASSIONFRUIT JUICE, NOT FROM CONCENTRATE 1L",£1.40/unit,1.4,£0.14 / 100ml,0.14,100,ml,1.4,l,Buy any 3 for £3.50,Buy any 3 for £3.50
2015-11-04 09:44:25.186185,SAINSBURY,212016,"Fresh/Chilled Orange Juice, eg. Tropicana",http://www.sainsburys.co.uk/shop/gb/groceries/drinks/drinks-chilled-fruit-juice,fresh orange juice ,0.33,"SAINSBURY'S PINEAPPLE, KIWI & KALE JUICE DRINK, NOT FROM CONCENTRATE 1L",£1.40/unit,1.4,£0.14 / 100ml,0.14,100,ml,1.4,l,Buy any 3 for £3.50,Buy any 3 for £3.50
2015-11-04 09:44:25.189896,SAINSBURY,212016,"Fresh/Chilled Orange Juice, eg. Tropicana",http://www.sainsburys.co.uk/shop/gb/groceries/drinks/drinks-chilled-fruit-juice,fresh orange juice ,0.33,"SAINSBURY'S PINEAPPLE, MANGO & PASSIONFRUIT JUICE DRINK 1L",£1.00/unit,1.0,£0.10 / 100ml,0.1,100,ml,1.0,l,Buy any 3 for £2.50,Buy any 3 for £2.50
2015-11-04 09:44:25.193332,SAINSBURY,212016,"Fresh/Chilled Orange Juice, eg. Tropicana",http://www.sainsburys.co.uk/shop/gb/groceries/drinks/drinks-chilled-fruit-juice,fresh orange juice ,0.33,SAINSBURY'S PINK LEMONADE JUICE DRINK 1L,£1.40/unit,1.4,£0.14 / 100ml,0.14,100,ml,1.4,l,Buy any 3 for £3.50,Buy any 3 for £3.50
2015-11-04 09:44:25.196583,SAINSBURY,212016,"Fresh/Chilled Orange Juice, eg. Tropicana",http://www.sainsburys.co.uk/shop/gb/groceries/drinks/drinks-chilled-fruit-juice,fresh orange juice ,0.33,SAINSBURY'S POMEGRANATE & BLUEBERRY JUICE DRINK 1L,£1.00/unit,1.0,£0.10 / 100ml,0.1,100,ml,1.0,l,Buy any 3 for £2.50,Buy any 3 for £2.50
2015-11-04 09:44:25.199705,SAINSBURY,212016,"Fresh/Chilled Orange Juice, eg. Tropicana",http://www.sainsburys.co.uk/shop/gb/groceries/drinks/drinks-chilled-fruit-juice,fresh orange juice ,0.33,SAINSBURY'S POMEGRANATE & BLUEBERRY REDUCED SUGAR JUICE DRINK WITH STEVIA 1L,£1.00/unit,1.0,£0.10 / 100ml,0.1,100,ml,1.0,l,Buy any 3 for £2.50,Buy any 3 for £2.50
2015-11-04 09:44:25.202578,SAINSBURY,212016,"Fresh/Chilled Orange Juice, eg. Tropicana",http://www.sainsburys.co.uk/shop/gb/groceries/drinks/drinks-chilled-fruit-juice,fresh orange juice ,0.33,SAINSBURY'S POMEGRANATE JUICE DRINK 1L,£1.00/unit,1.0,£0.10 / 100ml,0.1,100,ml,1.0,l,Buy any 3 for £2.50,Buy any 3 for £2.50
2015-11-04 09:44:25.205350,SAINSBURY,212016,"Fresh/Chilled Orange Juice, eg. Tropicana",http://www.sainsburys.co.uk/shop/gb/groceries/drinks/drinks-chilled-fruit-juice,fresh orange juice ,0.0,"SAINSBURY'S PRESSED CLOUDY APPLE JUICE, TASTE THE DIFFERENCE 1L",£2.50/unit,2.5,£0.25 / 100ml,0.25,100,ml,2.5,l,,
2015-11-04 09:44:25.207861,SAINSBURY,212016,"Fresh/Chilled Orange Juice, eg. Tropicana",http://www.sainsburys.co.uk/shop/gb/groceries/drinks/drinks-chilled-fruit-juice,fresh orange juice ,0.33,SAINSBURY'S PURE APPLE JUICE 1L,£1.00/unit,1.0,£0.10 / 100ml,0.1,100,ml,1.0,l,Buy any 3 for £2.50,Buy any 3 for £2.50
2015-11-04 09:44:25.210496,SAINSBURY,212016,"Fresh/Chilled Orange Juice, eg. Tropicana",http://www.sainsburys.co.uk/shop/gb/groceries/drinks/drinks-chilled-fruit-juice,fresh orange juice ,0.0,"SAINSBURY'S PURE APPLE JUICE, BASICS 1L",£0.80/unit,0.8,£0.08 / 100ml,0.08,100,ml,0.8,l,,
2015-11-04 09:44:25.336757,SAINSBURY,310207,"Bitter, 4 cans, 3.4%-7.5% ABV",http://www.sainsburys.co.uk/shop/gb/groceries/drinks/ale-stout,bitter,0.0,OLD GOLDEN HEN ALE 500ML,£2.00/unit,2.0,£4.00 / 1 ltr,4.0,1,ltr,4.0,l,,
2015-11-04 09:44:25.342160,SAINSBURY,310207,"Bitter, 4 cans, 3.4%-7.5% ABV",http://www.sainsburys.co.uk/shop/gb/groceries/drinks/ale-stout,bitter,0.0,OLD SPECKLED HEN ALE 10X440ML,£11.00/unit,11.0,£2.50 / 1 ltr,2.5,1,ltr,2.5,l,,
2015-11-04 09:44:25.365466,SAINSBURY,310207,"Bitter, 4 cans, 3.4%-7.5% ABV",http://www.sainsburys.co.uk/shop/gb/groceries/drinks/ale-stout,bitter,0.0,OLD SPECKLED HEN ALE 4X500ML,£5.50/unit,5.5,£2.75 / 1 ltr,2.75,1,ltr,2.75,l,,
2015-11-04 09:44:25.370656,SAINSBURY,310207,"Bitter, 4 cans, 3.4%-7.5% ABV",http://www.sainsburys.co.uk/shop/gb/groceries/drinks/ale-stout,bitter,0.0,OLD SPECKLED HEN ALE 4X500ML,£5.00/unit,5.0,£2.50 / 1 ltr,2.5,1,ltr,2.5,l,Only £5.00: Save £1.00,Only £5.00: Save £1.00
2015-11-04 09:44:25.379369,SAINSBURY,310421,"Red Wine, European, bottle",http://www.sainsburys.co.uk/shop/gb/groceries/drinks/red-wine,red wine ,0.0,"FIRST CAPE SHIRAZ CABERNET, LIMITED RELEASE 75CL",£6.50/unit,6.5,£6.50 / 75cl,6.5,75,cl,8.6667,l,Buy any 6 or more save 25%,Buy any 6 or more save 25%
2015-11-04 09:44:25.386281,SAINSBURY,310421,"Red Wine, European, bottle",http://www.sainsburys.co.uk/shop/gb/groceries/drinks/red-wine,red wine ,0.0,GALLO FAMILY VINEYARDS CABERNET SAUVIGNON 75CL,£6.50/unit,6.5,£6.50 / 75cl,6.5,75,cl,8.6667,l,Buy any 6 or more save 25%,Buy any 6 or more save 25%
2015-11-04 09:44:25.392499,SAINSBURY,310207,"Bitter, 4 cans, 3.4%-7.5% ABV",http://www.sainsburys.co.uk/shop/gb/groceries/drinks/ale-stout,bitter,0.0,OLD SPECKLED HEN ALE 500ML,£2.00/unit,2.0,£4.00 / 1 ltr,4.0,1,ltr,4.0,l,,
2015-11-04 09:44:25.397366,SAINSBURY,310207,"Bitter, 4 cans, 3.4%-7.5% ABV",http://www.sainsburys.co.uk/shop/gb/groceries/drinks/ale-stout,bitter,0.0,PURE UBU ALE 500ML (4.5% ABV),£2.00/unit,2.0,£4.00 / 1 ltr,4.0,1,ltr,4.0,l,,
2015-11-04 09:44:25.403778,SAINSBURY,310421,"Red Wine, European, bottle",http://www.sainsburys.co.uk/shop/gb/groceries/drinks/red-wine,red wine ,0.0,GALLO FAMILY VINEYARDS MERLOT 75CL,£6.50/unit,6.5,£6.50 / 75cl,6.5,75,cl,8.6667,l,Buy any 6 or more save 25%,Buy any 6 or more save 25%
2015-11-04 09:44:25.409798,SAINSBURY,310421,"Red Wine, European, bottle",http://www.sainsburys.co.uk/shop/gb/groceries/drinks/red-wine,red wine ,0.0,GALLO FAMILY VINEYARDS PINOT NOIR 75CL,£5.25/unit,5.25,£5.25 / 75cl,5.25,75,cl,7.0,l,"Only £5.25: Save £1.25,PLUS Buy any 6 or more save 25%","Only £5.25: Save £1.25,PLUS Buy any 6 or more save 25%"
2015-11-04 09:44:25.416306,SAINSBURY,310207,"Bitter, 4 cans, 3.4%-7.5% ABV",http://www.sainsburys.co.uk/shop/gb/groceries/drinks/ale-stout,bitter,0.0,RIDGEWAY BREWING BAD KING JOHN 500ML,£2.00/unit,2.0,£4.00 / 1 ltr,4.0,1,ltr,4.0,l,,
2015-11-04 09:44:25.420917,SAINSBURY,310207,"Bitter, 4 cans, 3.4%-7.5% ABV",http://www.sainsburys.co.uk/shop/gb/groceries/drinks/ale-stout,bitter,0.0,RINGWOOD BREWERY OLD THUMPER ALE 500ML,£2.00/unit,2.0,£4.00 / 1 ltr,4.0,1,ltr,4.0,l,Buy any 3 for £5.00,Buy any 3 for £5.00
2015-11-04 09:44:25.425521,SAINSBURY,310207,"Bitter, 4 cans, 3.4%-7.5% ABV",http://www.sainsburys.co.uk/shop/gb/groceries/drinks/ale-stout,bitter,0.0,ROBINSONS IRON MAIDEN TROOPER ALE 500ML,£2.00/unit,2.0,£4.00 / 1 ltr,4.0,1,ltr,4.0,l,,
2015-11-04 09:44:25.431068,SAINSBURY,310421,"Red Wine, European, bottle",http://www.sainsburys.co.uk/shop/gb/groceries/drinks/red-wine,red wine ,0.5,GALLO FAMILY VINEYARDS SUMMER RED 75CL,£6.00/unit,6.0,£6.00 / 75cl,6.0,75,cl,8.0,l,Buy any 6 or more save 25%,Buy any 6 or more save 25%
2015-11-04 09:44:25.436603,SAINSBURY,310421,"Red Wine, European, bottle",http://www.sainsburys.co.uk/shop/gb/groceries/drinks/red-wine,red wine ,0.0,GEORGES DUBOEUF BROUILLY 75CL,£7.00/unit,7.0,£7.00 / 75cl,7.0,75,cl,9.3333,l,"Only £7.00: Save £2.75,PLUS Buy any 6 or more save 25%","Only £7.00: Save £2.75,PLUS Buy any 6 or more save 25%"
2015-11-04 09:44:25.441990,SAINSBURY,310207,"Bitter, 4 cans, 3.4%-7.5% ABV",http://www.sainsburys.co.uk/shop/gb/groceries/drinks/ale-stout,bitter,0.0,ROBINSONS OLD TOM ALE 330ML (8.5% ABV),£1.75/unit,1.75,£5.30 / 1 ltr,5.3,1,ltr,5.3,l,,
2015-11-04 09:44:25.447110,SAINSBURY,310207,"Bitter, 4 cans, 3.4%-7.5% ABV",http://www.sainsburys.co.uk/shop/gb/groceries/drinks/ale-stout,bitter,0.0,"SAINSBURY'S AMERICAN PALE ALE, TASTE THE DIFFERENCE 355ML",£1.25/unit,1.25,£3.52 / 1 ltr,3.52,1,ltr,3.52,l,,
2015-11-04 09:44:25.452783,SAINSBURY,310421,"Red Wine, European, bottle",http://www.sainsburys.co.uk/shop/gb/groceries/drinks/red-wine,red wine ,0.0,GEORGES DUBOEUF FLEURIE 75CL,£10.00/unit,10.0,£10.00 / 75cl,10.0,75,cl,13.3333,l,Buy any 6 or more save 25%,Buy any 6 or more save 25%
2015-11-04 09:44:25.458067,SAINSBURY,310421,"Red Wine, European, bottle",http://www.sainsburys.co.uk/shop/gb/groceries/drinks/red-wine,red wine ,0.0,GRAFFIGNA CENTENARIO MALBEC 75CL,£10.00/unit,10.0,£10.00 / 75cl,10.0,75,cl,13.3333,l,Buy any 6 or more save 25%,Buy any 6 or more save 25%
2015-11-04 09:44:25.463099,SAINSBURY,310207,"Bitter, 4 cans, 3.4%-7.5% ABV",http://www.sainsburys.co.uk/shop/gb/groceries/drinks/ale-stout,bitter,0.0,"SAINSBURY'S BITTER, BASICS 4X440ML",£1.05/unit,1.05,£0.60 / 1 ltr,0.6,1,ltr,0.6,l,,
2015-11-04 09:44:25.467239,SAINSBURY,310207,"Bitter, 4 cans, 3.4%-7.5% ABV",http://www.sainsburys.co.uk/shop/gb/groceries/drinks/ale-stout,bitter,0.0,"SAINSBURY'S CELEBRATION ALE, TASTE THE DIFFERENCE 500ML",£1.90/unit,1.9,£3.80 / 1 ltr,3.8,1,ltr,3.8,l,,
2015-11-04 09:44:25.471216,SAINSBURY,310207,"Bitter, 4 cans, 3.4%-7.5% ABV",http://www.sainsburys.co.uk/shop/gb/groceries/drinks/ale-stout,bitter,0.0,"SAINSBURY'S INDIA PALE ALE, TASTE THE DIFFERENCE 500ML",£1.25/unit,1.25,£2.50 / 1 ltr,2.5,1,ltr,2.5,l,Only £1.25: Save 65p,Only £1.25: Save 65p
2015-11-04 09:44:25.476430,SAINSBURY,310421,"Red Wine, European, bottle",http://www.sainsburys.co.uk/shop/gb/groceries/drinks/red-wine,red wine ,0.0,GRANDE RESERVE CABERNET SAUVIGNON MERLOT 75CL,£7.00/unit,7.0,£7.00 / 75cl,7.0,75,cl,9.3333,l,Buy any 6 or more save 25%,Buy any 6 or more save 25%
2015-11-04 09:44:25.481191,SAINSBURY,310421,"Red Wine, European, bottle",http://www.sainsburys.co.uk/shop/gb/groceries/drinks/red-wine,red wine ,0.0,GRAY FOX CABERNET SAUVIGNON 75CL,£5.50/unit,5.5,£5.50 / 75cl,5.5,75,cl,7.3333,l,Buy any 6 or more save 25%,Buy any 6 or more save 25%
2015-11-04 09:44:25.485809,SAINSBURY,310421,"Red Wine, European, bottle",http://www.sainsburys.co.uk/shop/gb/groceries/drinks/red-wine,red wine ,0.0,HARDYS NOTTAGE HILL CABERNET SAUVIGNON SHIRAZ 75CL,£8.00/unit,8.0,£8.00 / 75cl,8.0,75,cl,10.6667,l,"Buy any 2 for £12.00,PLUS Buy any 6 or more save 25%","Buy any 2 for £12.00,PLUS Buy any 6 or more save 25%"
2015-11-04 09:44:25.490232,SAINSBURY,310207,"Bitter, 4 cans, 3.4%-7.5% ABV",http://www.sainsburys.co.uk/shop/gb/groceries/drinks/ale-stout,bitter,0.0,"SAINSBURY'S KENTISH ALE, TASTE THE DIFFERENCE 500ML",£1.90/unit,1.9,£3.80 / 1 ltr,3.8,1,ltr,3.8,l,Buy any 3 for £5.00,Buy any 3 for £5.00
2015-11-04 09:44:25.494082,SAINSBURY,310207,"Bitter, 4 cans, 3.4%-7.5% ABV",http://www.sainsburys.co.uk/shop/gb/groceries/drinks/ale-stout,bitter,0.0,"SAINSBURY'S LONDON PORTER, TASTE THE DIFFERENCE 500ML",£1.90/unit,1.9,£3.80 / 1 ltr,3.8,1,ltr,3.8,l,Buy any 3 for £5.00,Buy any 3 for £5.00
2015-11-04 09:44:25.497802,SAINSBURY,310207,"Bitter, 4 cans, 3.4%-7.5% ABV",http://www.sainsburys.co.uk/shop/gb/groceries/drinks/ale-stout,bitter,0.0,SAINSBURY'S PARKINS SPECIAL 4X440ML,£3.00/unit,3.0,£1.70 / 1 ltr,1.7,1,ltr,1.7,l,,
2015-11-04 09:44:25.502273,SAINSBURY,310421,"Red Wine, European, bottle",http://www.sainsburys.co.uk/shop/gb/groceries/drinks/red-wine,red wine ,0.0,HARDYS STAMP CABERNET MERLOT 75CL,£7.00/unit,7.0,£7.00 / 75cl,7.0,75,cl,9.3333,l,"Buy any 2 for £10.00,PLUS Buy any 6 or more save 25%","Buy any 2 for £10.00,PLUS Buy any 6 or more save 25%"
2015-11-04 09:44:25.506695,SAINSBURY,310421,"Red Wine, European, bottle",http://www.sainsburys.co.uk/shop/gb/groceries/drinks/red-wine,red wine ,0.0,HARDYS STAMP SHIRAZ CABERNET 18.7CL,£2.00/unit,2.0,£2.00 / 18.7cl,2.0,18.7,cl,10.6952,l,Buy any 6 or more save 25%,Buy any 6 or more save 25%
2015-11-04 09:44:25.511001,SAINSBURY,310421,"Red Wine, European, bottle",http://www.sainsburys.co.uk/shop/gb/groceries/drinks/red-wine,red wine ,0.0,HARDYS STAMP SHIRAZ CABERNET 75CL,£5.00/unit,5.0,£5.00 / 75cl,5.0,75,cl,6.6667,l,"Only £5.00: Save £2.00,PLUS Buy any 6 or more save 25%","Only £5.00: Save £2.00,PLUS Buy any 6 or more save 25%"
2015-11-04 09:44:25.515025,SAINSBURY,310207,"Bitter, 4 cans, 3.4%-7.5% ABV",http://www.sainsburys.co.uk/shop/gb/groceries/drinks/ale-stout,bitter,0.0,"SAINSBURY'S SUFFOLK BLONDE ALE, TASTE THE DIFFERENCE 500ML",£1.90/unit,1.9,£3.80 / 1 ltr,3.8,1,ltr,3.8,l,,
2015-11-04 09:44:25.518451,SAINSBURY,310207,"Bitter, 4 cans, 3.4%-7.5% ABV",http://www.sainsburys.co.uk/shop/gb/groceries/drinks/ale-stout,bitter,0.0,"SAINSBURY'S TAP ROOM IPA, TASTE THE DIFFERENCE 355ML",£1.25/unit,1.25,£3.52 / 1 ltr,3.52,1,ltr,3.52,l,,
2015-11-04 09:44:25.521793,SAINSBURY,310207,"Bitter, 4 cans, 3.4%-7.5% ABV",http://www.sainsburys.co.uk/shop/gb/groceries/drinks/ale-stout,bitter,0.0,"SAINSBURY'S WESTMORLAND ALE, TASTE THE DIFFERENCE 500ML",£1.90/unit,1.9,£3.80 / 1 ea,3.8,1,ea,3.8,each,,
2015-11-04 09:44:25.525842,SAINSBURY,310421,"Red Wine, European, bottle",http://www.sainsburys.co.uk/shop/gb/groceries/drinks/red-wine,red wine ,0.0,HARDYS VR MERLOT 75CL,£6.50/unit,6.5,£6.50 / 75cl,6.5,75,cl,8.6667,l,"Buy any 2 for £10.00,PLUS Buy any 6 or more save 25%","Buy any 2 for £10.00,PLUS Buy any 6 or more save 25%"
2015-11-04 09:44:25.529914,SAINSBURY,310421,"Red Wine, European, bottle",http://www.sainsburys.co.uk/shop/gb/groceries/drinks/red-wine,red wine ,0.0,HARDYS VR SHIRAZ 75CL,£6.50/unit,6.5,£6.50 / 75cl,6.5,75,cl,8.6667,l,Buy any 6 or more save 25%,Buy any 6 or more save 25%
2015-11-04 09:44:25.533804,SAINSBURY,310421,"Red Wine, European, bottle",http://www.sainsburys.co.uk/shop/gb/groceries/drinks/red-wine,red wine ,0.0,I HEART MERLOT 75CL,£6.00/unit,6.0,£6.00 / 75cl,6.0,75,cl,8.0,l,Buy any 6 or more save 25%,Buy any 6 or more save 25%
2015-11-04 09:44:25.537289,SAINSBURY,310207,"Bitter, 4 cans, 3.4%-7.5% ABV",http://www.sainsburys.co.uk/shop/gb/groceries/drinks/ale-stout,bitter,0.0,"SAINSBURY'S YORKSHIRE BITTER, TASTE THE DIFFERENCE 500ML",£1.90/unit,1.9,£3.80 / 1 ltr,3.8,1,ltr,3.8,l,Buy any 3 for £5.00,Buy any 3 for £5.00
2015-11-04 09:44:25.540574,SAINSBURY,310207,"Bitter, 4 cans, 3.4%-7.5% ABV",http://www.sainsburys.co.uk/shop/gb/groceries/drinks/ale-stout,bitter,0.0,SHARP'S DOOM BAR BOTTLE & GLASS GIFT SET,£5.00/unit,5.0,£5.00 / 1 ltr,5.0,1,ltr,5.0,l,,
2015-11-04 09:44:25.543497,SAINSBURY,310207,"Bitter, 4 cans, 3.4%-7.5% ABV",http://www.sainsburys.co.uk/shop/gb/groceries/drinks/ale-stout,bitter,0.0,SHARP'S DOOM BAR EXCEPTIONAL AMBER ALE 500ML (4.3% ABV),£2.00/unit,2.0,£4.00 / 1 ltr,4.0,1,ltr,4.0,l,Buy any 3 for £5.00,Buy any 3 for £5.00
2015-11-04 09:44:25.546467,SAINSBURY,310207,"Bitter, 4 cans, 3.4%-7.5% ABV",http://www.sainsburys.co.uk/shop/gb/groceries/drinks/ale-stout,bitter,0.0,SHARP'S DOOM BAR EXCEPTIONAL AMBER ALE 6X500ML (4.3% ABV),£9.50/unit,9.5,£3.17 / 1 ea,3.17,1,ea,3.17,each,,
2015-11-04 09:44:25.550190,SAINSBURY,310421,"Red Wine, European, bottle",http://www.sainsburys.co.uk/shop/gb/groceries/drinks/red-wine,red wine ,0.0,JACOB'S CREEK RESERVE SHIRAZ 75CL,£10.00/unit,10.0,£10.00 / 75cl,10.0,75,cl,13.3333,l,Buy any 6 or more save 25%,Buy any 6 or more save 25%
2015-11-04 09:44:25.553846,SAINSBURY,310421,"Red Wine, European, bottle",http://www.sainsburys.co.uk/shop/gb/groceries/drinks/red-wine,red wine ,0.0,JACOB'S CREEK SHIRAZ 75CL,£7.00/unit,7.0,£7.00 / 75cl,7.0,75,cl,9.3333,l,Buy any 6 or more save 25%,Buy any 6 or more save 25%
2015-11-04 09:44:25.557472,SAINSBURY,310421,"Red Wine, European, bottle",http://www.sainsburys.co.uk/shop/gb/groceries/drinks/red-wine,red wine ,0.5,KEDEM TRADITIONAL KIDDISH WINE 75CL,£6.00/unit,6.0,£6.00 / 75cl,6.0,75,cl,8.0,l,Buy any 6 or more save 25%,Buy any 6 or more save 25%
2015-11-04 09:44:25.560919,SAINSBURY,310207,"Bitter, 4 cans, 3.4%-7.5% ABV",http://www.sainsburys.co.uk/shop/gb/groceries/drinks/ale-stout,bitter,0.0,SHEPHERD NEAME LATE RED AUTUMN ALE 500ML (4.5% ABV),£2.00/unit,2.0,£4.00 / 1 ltr,4.0,1,ltr,4.0,l,Buy any 3 for £5.00,Buy any 3 for £5.00
2015-11-04 09:44:25.563768,SAINSBURY,310207,"Bitter, 4 cans, 3.4%-7.5% ABV",http://www.sainsburys.co.uk/shop/gb/groceries/drinks/ale-stout,bitter,0.0,SHEPHERD NEAME SPITFIRE BOTTLE & GLASS GIFT TUBE 330ML,£3.00/unit,3.0,£3.00 / 1 ltr,3.0,1,ltr,3.0,l,,
2015-11-04 09:44:25.566338,SAINSBURY,310207,"Bitter, 4 cans, 3.4%-7.5% ABV",http://www.sainsburys.co.uk/shop/gb/groceries/drinks/ale-stout,bitter,0.0,SHEPHERD NEAME SPITFIRE KENTISH ALE 500ML,£1.25/unit,1.25,£2.50 / 1 ltr,2.5,1,ltr,2.5,l,Only £1.25: Save 75p,Only £1.25: Save 75p
2015-11-04 09:44:25.568874,SAINSBURY,310207,"Bitter, 4 cans, 3.4%-7.5% ABV",http://www.sainsburys.co.uk/shop/gb/groceries/drinks/ale-stout,bitter,0.0,SHEPHERD NEAME SPITFIRE KENTISH ALE 8X500ML,£12.00/unit,12.0,£3.00 / 1 ltr,3.0,1,ltr,3.0,l,Buy any 2 for £18.00,Buy any 2 for £18.00
2015-11-04 09:44:25.572505,SAINSBURY,310421,"Red Wine, European, bottle",http://www.sainsburys.co.uk/shop/gb/groceries/drinks/red-wine,red wine ,0.5,KOURTAKI MAVRODAPHNE OF PATRAS SWEET RED 75CL,£5.50/unit,5.5,£5.50 / 75cl,5.5,75,cl,7.3333,l,Buy any 6 or more save 25%,Buy any 6 or more save 25%
2015-11-04 09:44:25.575837,SAINSBURY,310421,"Red Wine, European, bottle",http://www.sainsburys.co.uk/shop/gb/groceries/drinks/red-wine,red wine ,0.0,KUMALA CABERNET SHIRAZ 75CL,£5.00/unit,5.0,£5.00 / 75cl,5.0,75,cl,6.6667,l,"Only £5.00: Save £1.50,PLUS Buy any 6 or more save 25%","Only £5.00: Save £1.50,PLUS Buy any 6 or more save 25%"
2015-11-04 09:44:25.579086,SAINSBURY,310421,"Red Wine, European, bottle",http://www.sainsburys.co.uk/shop/gb/groceries/drinks/red-wine,red wine ,0.0,L'AVENIR PINOTAGE 75CL,£6.00/unit,6.0,£6.00 / 75cl,6.0,75,cl,8.0,l,"Only £6.00: Save £2.00,PLUS Buy any 6 or more save 25%","Only £6.00: Save £2.00,PLUS Buy any 6 or more save 25%"
2015-11-04 09:44:25.590306,SAINSBURY,310421,"Red Wine, European, bottle",http://www.sainsburys.co.uk/shop/gb/groceries/drinks/red-wine,red wine ,0.0,LA CAPANNUCCIA CHIANTI RUFINA RISER 75CL,£15.00/unit,15.0,£15.00 / 75cl,15.0,75,cl,20.0,l,Buy any 6 or more save 25%,Buy any 6 or more save 25%
2015-11-04 09:44:25.593471,SAINSBURY,310421,"Red Wine, European, bottle",http://www.sainsburys.co.uk/shop/gb/groceries/drinks/red-wine,red wine ,0.0,LA CHASSE CÔTES DU RHÔNE RESERVE 75CL,£7.00/unit,7.0,£7.00 / 75cl,7.0,75,cl,9.3333,l,Buy any 6 or more save 25%,Buy any 6 or more save 25%
2015-11-04 09:44:25.596222,SAINSBURY,310421,"Red Wine, European, bottle",http://www.sainsburys.co.uk/shop/gb/groceries/drinks/red-wine,red wine ,0.0,LA GRANDE TOUR CABERNET MERLOT 75CL,£7.00/unit,7.0,£7.00 / 75cl,7.0,75,cl,9.3333,l,Buy any 6 or more save 25%,Buy any 6 or more save 25%
2015-11-04 09:44:25.598800,SAINSBURY,310421,"Red Wine, European, bottle",http://www.sainsburys.co.uk/shop/gb/groceries/drinks/red-wine,red wine ,0.0,LA NIÑA ROJA GRAN RESERVA 75CL,£5.50/unit,5.5,£5.50 / 75cl,5.5,75,cl,7.3333,l,"Only £5.50: Save £1.50,PLUS Buy any 6 or more save 25%","Only £5.50: Save £1.50,PLUS Buy any 6 or more save 25%"
2015-11-04 09:44:25.601637,SAINSBURY,310421,"Red Wine, European, bottle",http://www.sainsburys.co.uk/shop/gb/groceries/drinks/red-wine,red wine ,0.0,LA PATRIE CAHORS MALBEC 75CL,£6.00/unit,6.0,£6.00 / 75cl,6.0,75,cl,8.0,l,"Only £6.00: Save £1.00,PLUS Buy any 6 or more save 25%","Only £6.00: Save £1.00,PLUS Buy any 6 or more save 25%"
2015-11-04 09:44:25.648010,SAINSBURY,310419,"White Wine, European, bottle",http://www.sainsburys.co.uk/shop/gb/groceries/drinks/white-wine,white wine,0.0,HARDYS STAMP CHARDONNAY SEMILLON 18.7CL,£2.00/unit,2.0,£2.00 / 18.7cl,2.0,18.7,cl,10.6952,l,Buy any 6 or more save 25%,Buy any 6 or more save 25%
2015-11-04 09:44:25.654029,SAINSBURY,310419,"White Wine, European, bottle",http://www.sainsburys.co.uk/shop/gb/groceries/drinks/white-wine,white wine,0.0,HARDYS STAMP CHARDONNAY SEMILLON 75CL,£5.00/unit,5.0,£5.00 / 75cl,5.0,75,cl,6.6667,l,"Only £5.00: Save £2.00,PLUS Buy any 6 or more save 25%","Only £5.00: Save £2.00,PLUS Buy any 6 or more save 25%"
2015-11-04 09:44:25.662650,SAINSBURY,310419,"White Wine, European, bottle",http://www.sainsburys.co.uk/shop/gb/groceries/drinks/white-wine,white wine,0.0,HARDYS STAMP SAUVIGNON SEMILLION 75CL,£7.00/unit,7.0,£7.00 / 75cl,7.0,75,cl,9.3333,l,Buy any 6 or more save 25%,Buy any 6 or more save 25%
2015-11-04 09:44:25.668412,SAINSBURY,310419,"White Wine, European, bottle",http://www.sainsburys.co.uk/shop/gb/groceries/drinks/white-wine,white wine,0.0,HARDYS VARIETAL CHARDONNAY 75CL,£6.50/unit,6.5,£6.50 / 75cl,6.5,75,cl,8.6667,l,Buy any 6 or more save 25%,Buy any 6 or more save 25%
2015-11-04 09:44:25.691354,SAINSBURY,310419,"White Wine, European, bottle",http://www.sainsburys.co.uk/shop/gb/groceries/drinks/white-wine,white wine,0.0,HARDYS VARIETAL SAUVIGNON BLANC 75CL,£6.50/unit,6.5,£6.50 / 75cl,6.5,75,cl,8.6667,l,"Buy any 2 for £10.00,PLUS Buy any 6 or more save 25%","Buy any 2 for £10.00,PLUS Buy any 6 or more save 25%"
2015-11-04 09:44:25.697119,SAINSBURY,310419,"White Wine, European, bottle",http://www.sainsburys.co.uk/shop/gb/groceries/drinks/white-wine,white wine,0.0,HAWKLAND BAY SAUVIGNON BLANC 75CL,£8.00/unit,8.0,£8.00 / 75cl,8.0,75,cl,10.6667,l,Buy any 6 or more save 25%,Buy any 6 or more save 25%
2015-11-04 09:44:25.705741,SAINSBURY,310215,"Lager, 4 bottles, 4.3%-7.5% ABV",http://www.sainsburys.co.uk/shop/gb/groceries/drinks/lager,lager bottles ,0.5,HEINEKEN LAGER 12X330ML,£9.00/unit,9.0,£2.27 / 1 ltr,2.27,1,ltr,2.27,l,Only £9.00: Save £3.00,Only £9.00: Save £3.00
2015-11-04 09:44:25.711459,SAINSBURY,310215,"Lager, 4 bottles, 4.3%-7.5% ABV",http://www.sainsburys.co.uk/shop/gb/groceries/drinks/lager,lager bottles ,0.5,HEINEKEN LAGER 12X330ML,£10.00/unit,10.0,£2.53 / 1 ltr,2.53,1,ltr,2.53,l,,
2015-11-04 09:44:25.717596,SAINSBURY,310419,"White Wine, European, bottle",http://www.sainsburys.co.uk/shop/gb/groceries/drinks/white-wine,white wine,0.5,HERITAGE ROAD WHITE 75CL,£4.00/unit,4.0,£4.00 / 75cl,4.0,75,cl,5.3333,l,"Only £4.00: Save £2.00,PLUS Buy any 6 or more save 25%","Only £4.00: Save £2.00,PLUS Buy any 6 or more save 25%"
2015-11-04 09:44:25.723034,SAINSBURY,310419,"White Wine, European, bottle",http://www.sainsburys.co.uk/shop/gb/groceries/drinks/white-wine,white wine,0.0,HOWARD PARK GREAT SOUTHERN RIESLING 75CL,£15.00/unit,15.0,£15.00 / 75cl,15.0,75,cl,20.0,l,Buy any 6 or more save 25%,Buy any 6 or more save 25%
2015-11-04 09:44:25.729065,SAINSBURY,310215,"Lager, 4 bottles, 4.3%-7.5% ABV",http://www.sainsburys.co.uk/shop/gb/groceries/drinks/lager,lager bottles ,0.5,HEINEKEN LAGER 4X330ML,£4.50/unit,4.5,£3.41 / 1 ltr,3.41,1,ltr,3.41,l,Buy any 2 for £8.00,Buy any 2 for £8.00
2015-11-04 09:44:25.734299,SAINSBURY,310215,"Lager, 4 bottles, 4.3%-7.5% ABV",http://www.sainsburys.co.uk/shop/gb/groceries/drinks/lager,lager bottles ,0.5,HEINEKEN LAGER 650ML,£2.00/unit,2.0,£3.08 / 1 ltr,3.08,1,ltr,3.08,l,Buy any 3 for £5.00,Buy any 3 for £5.00
2015-11-04 09:44:25.739744,SAINSBURY,310419,"White Wine, European, bottle",http://www.sainsburys.co.uk/shop/gb/groceries/drinks/white-wine,white wine,0.0,I HEART PINOT GRIGIO 75CL,£6.00/unit,6.0,£6.00 / 75cl,6.0,75,cl,8.0,l,Buy any 6 or more save 25%,Buy any 6 or more save 25%
2015-11-04 09:44:25.744723,SAINSBURY,310419,"White Wine, European, bottle",http://www.sainsburys.co.uk/shop/gb/groceries/drinks/white-wine,white wine,0.0,JACOB'S CREEK CHARDONNAY 75CL,£7.00/unit,7.0,£7.00 / 75cl,7.0,75,cl,9.3333,l,Buy any 6 or more save 25%,Buy any 6 or more save 25%
2015-11-04 09:44:25.749968,SAINSBURY,310215,"Lager, 4 bottles, 4.3%-7.5% ABV",http://www.sainsburys.co.uk/shop/gb/groceries/drinks/lager,lager bottles ,0.5,HEINEKEN LAGER 6X330ML,£4.00/unit,4.0,£2.02 / 1 ltr,2.02,1,ltr,2.02,l,Only £4.00: Save £1.50,Only £4.00: Save £1.50
2015-11-04 09:44:25.754960,SAINSBURY,310215,"Lager, 4 bottles, 4.3%-7.5% ABV",http://www.sainsburys.co.uk/shop/gb/groceries/drinks/lager,lager bottles ,0.0,HOEGAARDEN WHEAT BEER 330ML,£1.75/unit,1.75,£5.30 / 1 ltr,5.3,1,ltr,5.3,l,Buy any 2 for £3.00,Buy any 2 for £3.00
2015-11-04 09:44:25.759850,SAINSBURY,310419,"White Wine, European, bottle",http://www.sainsburys.co.uk/shop/gb/groceries/drinks/white-wine,white wine,0.0,JACOB'S CREEK COOL HARVEST SAUVIGNON BLANC 75CL,£6.75/unit,6.75,£6.75 / 75cl,6.75,75,cl,9.0,l,"Only £6.75: Save £2.25,PLUS Buy any 6 or more save 25%","Only £6.75: Save £2.25,PLUS Buy any 6 or more save 25%"
2015-11-04 09:44:25.764568,SAINSBURY,310419,"White Wine, European, bottle",http://www.sainsburys.co.uk/shop/gb/groceries/drinks/white-wine,white wine,0.0,JACOB'S CREEK RESERVE CHARDONNAY 75CL,£10.00/unit,10.0,£10.00 / 75cl,10.0,75,cl,13.3333,l,Buy any 6 or more save 25%,Buy any 6 or more save 25%
2015-11-04 09:44:25.769119,SAINSBURY,310419,"White Wine, European, bottle",http://www.sainsburys.co.uk/shop/gb/groceries/drinks/white-wine,white wine,0.0,JACOB'S CREEK RIESLING 75CL,£7.00/unit,7.0,£7.00 / 75cl,7.0,75,cl,9.3333,l,Buy any 6 or more save 25%,Buy any 6 or more save 25%
2015-11-04 09:44:25.774413,SAINSBURY,310215,"Lager, 4 bottles, 4.3%-7.5% ABV",http://www.sainsburys.co.uk/shop/gb/groceries/drinks/lager,lager bottles ,0.5,HOLLANDIA COLD FILTERED LAGER 4X440ML,£2.50/unit,2.5,£1.42 / 1 ltr,1.42,1,ltr,1.42,l,,
2015-11-04 09:44:25.779192,SAINSBURY,310215,"Lager, 4 bottles, 4.3%-7.5% ABV",http://www.sainsburys.co.uk/shop/gb/groceries/drinks/lager,lager bottles ,0.5,HOLSTEN PILS LAGER 4X440ML,£4.00/unit,4.0,£2.27 / 1 ltr,2.27,1,ltr,2.27,l,,
2015-11-04 09:44:25.783835,SAINSBURY,310215,"Lager, 4 bottles, 4.3%-7.5% ABV",http://www.sainsburys.co.uk/shop/gb/groceries/drinks/lager,lager bottles ,0.5,KINGFISHER LAGER 650ML,£2.00/unit,2.0,£3.08 / 1 ltr,3.08,1,ltr,3.08,l,Buy any 3 for £5.00,Buy any 3 for £5.00
2015-11-04 09:44:25.789069,SAINSBURY,310419,"White Wine, European, bottle",http://www.sainsburys.co.uk/shop/gb/groceries/drinks/white-wine,white wine,0.0,KOURTAKIS RETSINA 75CL,£5.50/unit,5.5,£5.50 / 75cl,5.5,75,cl,7.3333,l,Buy any 6 or more save 25%,Buy any 6 or more save 25%
2015-11-04 09:44:25.793478,SAINSBURY,310419,"White Wine, European, bottle",http://www.sainsburys.co.uk/shop/gb/groceries/drinks/white-wine,white wine,0.0,KUMALA SAUVIGNON SEMILLON 75CL,£5.00/unit,5.0,£5.00 / 75cl,5.0,75,cl,6.6667,l,"Only £5.00: Save £1.50,PLUS Buy any 6 or more save 25%","Only £5.00: Save £1.50,PLUS Buy any 6 or more save 25%"
2015-11-04 09:44:25.797686,SAINSBURY,310419,"White Wine, European, bottle",http://www.sainsburys.co.uk/shop/gb/groceries/drinks/white-wine,white wine,0.0,LA COURONNE DES PLANTAGENETS VOUVRAY 75CL,£7.00/unit,7.0,£7.00 / 75cl,7.0,75,cl,9.3333,l,Buy any 6 or more save 25%,Buy any 6 or more save 25%
2015-11-04 09:44:25.802607,SAINSBURY,310215,"Lager, 4 bottles, 4.3%-7.5% ABV",http://www.sainsburys.co.uk/shop/gb/groceries/drinks/lager,lager bottles ,0.0,KRONENBOURG 1664 15X275ML,£8.00/unit,8.0,£1.94 / 1 ltr,1.94,1,ltr,1.94,l,Only £8.00: Save £2.00,Only £8.00: Save £2.00
2015-11-04 09:44:25.806935,SAINSBURY,310215,"Lager, 4 bottles, 4.3%-7.5% ABV",http://www.sainsburys.co.uk/shop/gb/groceries/drinks/lager,lager bottles ,0.0,KRONENBOURG 1664 20X275ML,£12.00/unit,12.0,£2.18 / 1 ltr,2.18,1,ltr,2.18,l,,
2015-11-04 09:44:25.811116,SAINSBURY,310215,"Lager, 4 bottles, 4.3%-7.5% ABV",http://www.sainsburys.co.uk/shop/gb/groceries/drinks/lager,lager bottles ,0.0,KRONENBOURG 1664 4X440ML,£4.00/unit,4.0,£2.28 / 1 ltr,2.28,1,ltr,2.28,l,"Only £4.00: Save 50p,PLUS Free Kronenbourg glass","Only £4.00: Save 50p,PLUS Free Kronenbourg glass"
2015-11-04 09:44:25.821874,SAINSBURY,310419,"White Wine, European, bottle",http://www.sainsburys.co.uk/shop/gb/groceries/drinks/white-wine,white wine,0.0,LA GIOIOSA PINOT GRIGIO 18.7CL,£2.00/unit,2.0,£8.02 / 75cl,8.02,75,cl,10.6933,l,Buy any 6 or more save 25%,Buy any 6 or more save 25%
2015-11-04 09:44:25.825748,SAINSBURY,310419,"White Wine, European, bottle",http://www.sainsburys.co.uk/shop/gb/groceries/drinks/white-wine,white wine,0.0,LA GRANDE NUIT CHARDONNAY 75CL,£8.00/unit,8.0,£8.00 / 75cl,8.0,75,cl,10.6667,l,Buy any 6 or more save 25%,Buy any 6 or more save 25%
2015-11-04 09:44:25.829456,SAINSBURY,310419,"White Wine, European, bottle",http://www.sainsburys.co.uk/shop/gb/groceries/drinks/white-wine,white wine,0.0,LA TERRASSE CHABLIS 75CL,£8.50/unit,8.5,£8.50 / 75cl,8.5,75,cl,11.3333,l,"Only £8.50: Save £2.50,PLUS Buy any 6 or more save 25%","Only £8.50: Save £2.50,PLUS Buy any 6 or more save 25%"
2015-11-04 09:44:25.833732,SAINSBURY,310215,"Lager, 4 bottles, 4.3%-7.5% ABV",http://www.sainsburys.co.uk/shop/gb/groceries/drinks/lager,lager bottles ,0.0,KRONENBOURG 1664 660ML,£2.00/unit,2.0,£3.03 / 1 ltr,3.03,1,ltr,3.03,l,Buy any 3 for £5.00,Buy any 3 for £5.00
2015-11-04 09:44:25.837754,SAINSBURY,310215,"Lager, 4 bottles, 4.3%-7.5% ABV",http://www.sainsburys.co.uk/shop/gb/groceries/drinks/lager,lager bottles ,0.0,LEFFE BLONDE ABBEY BEER 4X330ML (6.6% ABV),£4.50/unit,4.5,£3.41 / 1 ltr,3.41,1,ltr,3.41,l,Only £4.50: Save 50p,Only £4.50: Save 50p
2015-11-04 09:44:25.841654,SAINSBURY,310215,"Lager, 4 bottles, 4.3%-7.5% ABV",http://www.sainsburys.co.uk/shop/gb/groceries/drinks/lager,lager bottles ,0.0,LEFFE BLONDE ABBEY BEER 750ML,£3.00/unit,3.0,£4.00 / 1 ltr,4.0,1,ltr,4.0,l,,
2015-11-04 09:44:25.846439,SAINSBURY,310419,"White Wine, European, bottle",http://www.sainsburys.co.uk/shop/gb/groceries/drinks/white-wine,white wine,0.0,LANGGUTH ERBEN KABINETT 75CL,£5.50/unit,5.5,£5.50 / 75cl,5.5,75,cl,7.3333,l,Buy any 6 or more save 25%,Buy any 6 or more save 25%
2015-11-04 09:44:25.849951,SAINSBURY,310419,"White Wine, European, bottle",http://www.sainsburys.co.uk/shop/gb/groceries/drinks/white-wine,white wine,0.0,LEOPARD'S LEAP CHENIN SAUVIGNON BLANC 75CL,£6.50/unit,6.5,£6.50 / 75cl,6.5,75,cl,8.6667,l,Buy any 6 or more save 25%,Buy any 6 or more save 25%
2015-11-04 09:44:25.853351,SAINSBURY,310419,"White Wine, European, bottle",http://www.sainsburys.co.uk/shop/gb/groceries/drinks/white-wine,white wine,0.0,LINDEMAN'S BIN 65 CHARDONNAY 75CL,£8.00/unit,8.0,£8.00 / 75cl,8.0,75,cl,10.6667,l,Buy any 6 or more save 25%,Buy any 6 or more save 25%
2015-11-04 09:44:25.857264,SAINSBURY,310215,"Lager, 4 bottles, 4.3%-7.5% ABV",http://www.sainsburys.co.uk/shop/gb/groceries/drinks/lager,lager bottles ,0.5,MAHOU LAGER 4X330ML,£4.00/unit,4.0,£3.03 / 1 ltr,3.03,1,ltr,3.03,l,Only £4.00: Save 50p,Only £4.00: Save 50p
2015-11-04 09:44:25.860972,SAINSBURY,310215,"Lager, 4 bottles, 4.3%-7.5% ABV",http://www.sainsburys.co.uk/shop/gb/groceries/drinks/lager,lager bottles ,0.5,MEANTIME LONDON LAGER 330ML,£1.75/unit,1.75,£5.30 / 1 ltr,5.3,1,ltr,5.3,l,,
2015-11-04 09:44:25.864804,SAINSBURY,310215,"Lager, 4 bottles, 4.3%-7.5% ABV",http://www.sainsburys.co.uk/shop/gb/groceries/drinks/lager,lager bottles ,0.0,PERONI GRAN RISERVA 330ML,£2.00/unit,2.0,£6.06 / 1 ltr,6.06,1,ltr,6.06,l,,
2015-11-04 09:44:25.884339,SAINSBURY,310419,"White Wine, European, bottle",http://www.sainsburys.co.uk/shop/gb/groceries/drinks/white-wine,white wine,0.0,LOUIS MAX POUILLY FUISSE 75CL,£19.00/unit,19.0,£19.00 / 75cl,19.0,75,cl,25.3333,l,Buy any 6 or more save 25%,Buy any 6 or more save 25%
2015-11-04 09:44:25.887488,SAINSBURY,310419,"White Wine, European, bottle",http://www.sainsburys.co.uk/shop/gb/groceries/drinks/white-wine,white wine,0.0,MATUA SAUVIGNON BLANC 75CL,£7.00/unit,7.0,£7.00 / 75cl,7.0,75,cl,9.3333,l,"Only £7.00: Save £2.00,PLUS Buy any 6 or more save 25%","Only £7.00: Save £2.00,PLUS Buy any 6 or more save 25%"
2015-11-04 09:44:25.890479,SAINSBURY,310419,"White Wine, European, bottle",http://www.sainsburys.co.uk/shop/gb/groceries/drinks/white-wine,white wine,0.0,MAYU PEDRO XIMENEZ SINGLE VINEYARD 75CL,£6.00/unit,6.0,£6.00 / 75cl,6.0,75,cl,8.0,l,"Only £6.00: Save £2.00,PLUS Buy any 6 or more save 25%","Only £6.00: Save £2.00,PLUS Buy any 6 or more save 25%"
2015-11-04 09:44:25.893367,SAINSBURY,310419,"White Wine, European, bottle",http://www.sainsburys.co.uk/shop/gb/groceries/drinks/white-wine,white wine,0.0,MCGUIGAN CLASSIC SAUVIGNON BLANC 75CL,£7.00/unit,7.0,£7.00 / 75cl,7.0,75,cl,9.3333,l,Buy any 6 or more save 25%,Buy any 6 or more save 25%
2015-11-04 09:44:25.896997,SAINSBURY,310215,"Lager, 4 bottles, 4.3%-7.5% ABV",http://www.sainsburys.co.uk/shop/gb/groceries/drinks/lager,lager bottles ,0.0,PERONI NASTRO AZZURRO 12X330ML,£14.00/unit,14.0,£3.54 / 1 ltr,3.54,1,ltr,3.54,l,Only £14.00: Save £2.00,Only £14.00: Save £2.00
2015-11-04 09:44:25.900335,SAINSBURY,310215,"Lager, 4 bottles, 4.3%-7.5% ABV",http://www.sainsburys.co.uk/shop/gb/groceries/drinks/lager,lager bottles ,0.0,PERONI NASTRO AZZURRO 18X330ML,£20.00/unit,20.0,£3.37 / 1 ltr,3.37,1,ltr,3.37,l,,
2015-11-04 09:44:25.903386,SAINSBURY,310215,"Lager, 4 bottles, 4.3%-7.5% ABV",http://www.sainsburys.co.uk/shop/gb/groceries/drinks/lager,lager bottles ,0.0,PERONI NASTRO AZZURRO 4X330ML,£5.50/unit,5.5,£4.17 / 1 ltr,4.17,1,ltr,4.17,l,,
2015-11-04 09:44:25.906397,SAINSBURY,310215,"Lager, 4 bottles, 4.3%-7.5% ABV",http://www.sainsburys.co.uk/shop/gb/groceries/drinks/lager,lager bottles ,0.0,PERONI NASTRO AZZURRO 620ML,£2.35/unit,2.35,£3.79 / 1 ltr,3.79,1,ltr,3.79,l,,
2015-11-04 09:44:25.913750,SAINSBURY,211501,"Cheese Cheddar, home produced, per kg",http://www.sainsburys.co.uk/shop/gb/groceries/dairy-eggs-chilled/cheddar-british-regional-cheese,british cheddar ,0.0,"SAINSBURY'S MATURE BARBER'S CRUNCHER, TASTE THE DIFFERENCE 400G",£2.50/unit,2.5,£6.25 / 1 kg,6.25,1,kg,6.25,kg,Only £2.50: Save £1.00,Only £2.50: Save £1.00
2015-11-04 09:44:25.919063,SAINSBURY,211501,"Cheese Cheddar, home produced, per kg",http://www.sainsburys.co.uk/shop/gb/groceries/dairy-eggs-chilled/cheddar-british-regional-cheese,british cheddar ,0.0,SAINSBURY'S MATURE BLUE STILTON 150G,£2.50/unit,2.5,£16.67 / 1 kg,16.67,1,kg,16.67,kg,Only £2.50: Save 50p,Only £2.50: Save 50p
2015-11-04 09:44:25.922118,SAINSBURY,310419,"White Wine, European, bottle",http://www.sainsburys.co.uk/shop/gb/groceries/drinks/white-wine,white wine,0.0,MCGUIGAN CLASSIC SEMILLON BLANC 75CL,£7.00/unit,7.0,£7.00 / 75cl,7.0,75,cl,9.3333,l,Buy any 6 or more save 25%,Buy any 6 or more save 25%
2015-11-04 09:44:25.924636,SAINSBURY,310419,"White Wine, European, bottle",http://www.sainsburys.co.uk/shop/gb/groceries/drinks/white-wine,white wine,0.0,MCGUIGAN ESTATE CHARDONNAY 18.7CL,£2.00/unit,2.0,£8.02 / 75cl,8.02,75,cl,10.6933,l,Buy any 6 or more save 25%,Buy any 6 or more save 25%
2015-11-04 09:44:25.934715,SAINSBURY,310215,"Lager, 4 bottles, 4.3%-7.5% ABV",http://www.sainsburys.co.uk/shop/gb/groceries/drinks/lager,lager bottles ,0.0,PERONI NASTRO AZZURRO PICCOLA 6X250ML,£6.00/unit,6.0,£4.00 / 1 ltr,4.0,1,ltr,4.0,l,Only £6.00: Save £1.00,Only £6.00: Save £1.00
2015-11-04 09:44:25.937668,SAINSBURY,310215,"Lager, 4 bottles, 4.3%-7.5% ABV",http://www.sainsburys.co.uk/shop/gb/groceries/drinks/lager,lager bottles ,0.0,PILSNER URQUELL 500ML,£2.00/unit,2.0,£4.00 / 1 ltr,4.0,1,ltr,4.0,l,,
2015-11-04 09:44:25.940342,SAINSBURY,310215,"Lager, 4 bottles, 4.3%-7.5% ABV",http://www.sainsburys.co.uk/shop/gb/groceries/drinks/lager,lager bottles ,0.5,SAGRES LAGER 4X330ML,£4.50/unit,4.5,£3.41 / 1 ltr,3.41,1,ltr,3.41,l,,
2015-11-04 09:44:25.942869,SAINSBURY,310215,"Lager, 4 bottles, 4.3%-7.5% ABV",http://www.sainsburys.co.uk/shop/gb/groceries/drinks/lager,lager bottles ,0.0,SAINSBURY'S BIERE DES FLANDRES 10X25CL,£3.50/unit,3.5,£1.40 / 1 ltr,1.4,1,ltr,1.4,l,,
2015-11-04 09:44:25.948121,SAINSBURY,211501,"Cheese Cheddar, home produced, per kg",http://www.sainsburys.co.uk/shop/gb/groceries/dairy-eggs-chilled/cheddar-british-regional-cheese,british cheddar ,0.0,"SAINSBURY'S MATURE CHEDDAR, SO ORGANIC 270G",£2.75/unit,2.75,£10.19 / 1 kg,10.19,1,kg,10.19,kg,,
2015-11-04 09:44:25.953223,SAINSBURY,211501,"Cheese Cheddar, home produced, per kg",http://www.sainsburys.co.uk/shop/gb/groceries/dairy-eggs-chilled/cheddar-british-regional-cheese,british cheddar ,0.0,"SAINSBURY'S MATURE GRATED WHITE CHEESE, BE GOOD TO YOURSELF 250G",£2.00/unit,2.0,£8.00 / 1 kg,8.0,1,kg,8.0,kg,,
2015-11-04 09:44:25.956111,SAINSBURY,310215,"Lager, 4 bottles, 4.3%-7.5% ABV",http://www.sainsburys.co.uk/shop/gb/groceries/drinks/lager,lager bottles ,0.0,SAINSBURY'S BIERE DES FLANDRES 18X25CL,£5.50/unit,5.5,£1.22 / 1 ltr,1.22,1,ltr,1.22,l,,
2015-11-04 09:44:25.958383,SAINSBURY,310215,"Lager, 4 bottles, 4.3%-7.5% ABV",http://www.sainsburys.co.uk/shop/gb/groceries/drinks/lager,lager bottles ,0.0,SAINSBURY'S BIERE DES MOULINS 10X250ML,£3.50/unit,3.5,£1.40 / 1 ltr,1.4,1,ltr,1.4,l,,
2015-11-04 09:44:25.969866,SAINSBURY,211501,"Cheese Cheddar, home produced, per kg",http://www.sainsburys.co.uk/shop/gb/groceries/dairy-eggs-chilled/cheddar-british-regional-cheese,british cheddar ,0.0,"SAINSBURY'S MATURE WHITE CHEDDAR, BE GOOD TO YOURSELF 270G",£2.15/unit,2.15,£7.96 / 1 kg,7.96,1,kg,7.96,kg,,
2015-11-04 09:44:25.974682,SAINSBURY,211501,"Cheese Cheddar, home produced, per kg",http://www.sainsburys.co.uk/shop/gb/groceries/dairy-eggs-chilled/cheddar-british-regional-cheese,british cheddar ,0.0,"SAINSBURY'S MATURE WHITE CHEESE, BE GOOD TO YOURSELF 400G",£3.00/unit,3.0,£7.50 / 1 kg,7.5,1,kg,7.5,kg,Buy any 2 for £5.00,Buy any 2 for £5.00
2015-11-04 09:44:25.979990,SAINSBURY,211501,"Cheese Cheddar, home produced, per kg",http://www.sainsburys.co.uk/shop/gb/groceries/dairy-eggs-chilled/cheddar-british-regional-cheese,british cheddar ,0.0,"SAINSBURY'S MEDIUM CHEDDAR, SO ORGANIC 270G",£2.75/unit,2.75,£10.19 / 1 kg,10.19,1,kg,10.19,kg,,
2015-11-04 09:44:25.984786,SAINSBURY,211501,"Cheese Cheddar, home produced, per kg",http://www.sainsburys.co.uk/shop/gb/groceries/dairy-eggs-chilled/cheddar-british-regional-cheese,british cheddar ,0.0,"SAINSBURY'S MEDIUM WHITE, BE GOOD TO YOURSELF 270G",£2.15/unit,2.15,£7.96 / 1 kg,7.96,1,kg,7.96,kg,,
2015-11-04 09:44:25.989241,SAINSBURY,211501,"Cheese Cheddar, home produced, per kg",http://www.sainsburys.co.uk/shop/gb/groceries/dairy-eggs-chilled/cheddar-british-regional-cheese,british cheddar ,0.5,"SAINSBURY'S MILD CHEDDAR SLICES, BASICS 288G",£1.65/unit,1.65,£5.73 / 1 kg,5.73,1,kg,5.73,kg,,
2015-11-04 09:44:26.080881,SAINSBURY,211501,"Cheese Cheddar, home produced, per kg",http://www.sainsburys.co.uk/shop/gb/groceries/dairy-eggs-chilled/cheddar-british-regional-cheese,british cheddar ,0.5,"SAINSBURY'S MILD CHEDDAR STICKS, SO ORGANIC 6X20G",£1.89/unit,1.89,£15.75 / 1 kg,15.75,1,kg,15.75,kg,,
2015-11-04 09:44:26.085151,SAINSBURY,211501,"Cheese Cheddar, home produced, per kg",http://www.sainsburys.co.uk/shop/gb/groceries/dairy-eggs-chilled/cheddar-british-regional-cheese,british cheddar ,0.0,"SAINSBURY'S MILD CHEDDAR, SO ORGANIC 270G",£2.75/unit,2.75,£10.19 / 1 kg,10.19,1,kg,10.19,kg,,
2015-11-04 09:44:26.089222,SAINSBURY,211501,"Cheese Cheddar, home produced, per kg",http://www.sainsburys.co.uk/shop/gb/groceries/dairy-eggs-chilled/cheddar-british-regional-cheese,british cheddar ,0.0,"SAINSBURY'S MILD GRATED CHEDDAR, BASICS 250G",£1.50/unit,1.5,£6.00 / 1 kg,6.0,1,kg,6.0,kg,,
2015-11-04 09:44:26.101447,SAINSBURY,211501,"Cheese Cheddar, home produced, per kg",http://www.sainsburys.co.uk/shop/gb/groceries/dairy-eggs-chilled/cheddar-british-regional-cheese,british cheddar ,0.0,"SAINSBURY'S MILD WHITE CHEDDAR, BASICS 1KG",£4.50/unit,4.5,£4.50 / 1 kg,4.5,1,kg,4.5,kg,,
2015-11-04 09:44:26.105405,SAINSBURY,211501,"Cheese Cheddar, home produced, per kg",http://www.sainsburys.co.uk/shop/gb/groceries/dairy-eggs-chilled/cheddar-british-regional-cheese,british cheddar ,0.0,"SAINSBURY'S MILD WHITE CHEDDAR, BASICS 300G",£2.00/unit,2.0,£6.67 / 1 kg,6.67,1,kg,6.67,kg,,
2015-11-04 09:44:26.109174,SAINSBURY,211501,"Cheese Cheddar, home produced, per kg",http://www.sainsburys.co.uk/shop/gb/groceries/dairy-eggs-chilled/cheddar-british-regional-cheese,british cheddar ,0.0,"SAINSBURY'S MILD WHITE CHEDDAR, BASICS 625G",£2.90/unit,2.9,£4.64 / 1 kg,4.64,1,kg,4.64,kg,,
2015-11-04 09:44:26.122275,SAINSBURY,310401,"Whisky, bottle",http://www.sainsburys.co.uk/shop/gb/groceries/drinks/all-whisky,whisky,1.0,THE NAKED GROUSE WHISKY 70CL,£25.00/unit,25.0,£35.71 / 1 ltr,35.71,1,ltr,35.71,l,,
2015-11-04 09:44:26.137340,SAINSBURY,310207,"Bitter, 4 cans, 3.4%-7.5% ABV",http://www.sainsburys.co.uk/shop/gb/groceries/drinks/ale-stout,bitter,0.0,ST PETER'S ORGANIC ALE 500ML,£2.00/unit,2.0,£4.00 / 1 ltr,4.0,1,ltr,4.0,l,,
2015-11-04 09:44:26.142887,SAINSBURY,211501,"Cheese Cheddar, home produced, per kg",http://www.sainsburys.co.uk/shop/gb/groceries/dairy-eggs-chilled/cheddar-british-regional-cheese,british cheddar ,0.0,"SAINSBURY'S MULL OF KINTYRE EXTRA MATURE CHEDDAR, TASTE THE DIFFERENCE 400G",£3.50/unit,3.5,£8.75 / 1 kg,8.75,1,kg,8.75,kg,,
2015-11-04 09:44:26.146600,SAINSBURY,211501,"Cheese Cheddar, home produced, per kg",http://www.sainsburys.co.uk/shop/gb/groceries/dairy-eggs-chilled/cheddar-british-regional-cheese,british cheddar ,0.0,"SAINSBURY'S RED CHEESE, BE GOOD TO YOURSELF 270G",£2.00/unit,2.0,£7.41 / 1 kg,7.41,1,kg,7.41,kg,,
2015-11-04 09:44:26.150146,SAINSBURY,211501,"Cheese Cheddar, home produced, per kg",http://www.sainsburys.co.uk/shop/gb/groceries/dairy-eggs-chilled/cheddar-british-regional-cheese,british cheddar ,0.0,SAINSBURY'S RED LEICESTER 250G,£1.50/unit,1.5,£6.00 / 1 kg,6.0,1,kg,6.0,kg,Only £1.50: Save 20p,Only £1.50: Save 20p
2015-11-04 09:44:26.153763,SAINSBURY,310401,"Whisky, bottle",http://www.sainsburys.co.uk/shop/gb/groceries/drinks/all-whisky,whisky,0.0,TULLAMORE DEW IRISH WHISKEY 70CL,£17.00/unit,17.0,£24.28 / 1 ltr,24.28,1,ltr,24.28,l,Only £17.00: Save £3.00,Only £17.00: Save £3.00
2015-11-04 09:44:26.156984,SAINSBURY,310401,"Whisky, bottle",http://www.sainsburys.co.uk/shop/gb/groceries/drinks/all-whisky,whisky,0.0,TULLIBARDINE SAUTERNES FINISH 70CL,£35.00/unit,35.0,£50.00 / 1 ea,50.0,1,ea,50.0,each,Only £35.00: Save £10.00,Only £35.00: Save £10.00
2015-11-04 09:44:26.160130,SAINSBURY,310401,"Whisky, bottle",http://www.sainsburys.co.uk/shop/gb/groceries/drinks/all-whisky,whisky,1.0,TULLIBARDINE SOVEREIGN WHISKY 70CL,£35.00/unit,35.0,£50.00 / 1 ltr,50.0,1,ltr,50.0,l,,
2015-11-04 09:44:26.163085,SAINSBURY,310401,"Whisky, bottle",http://www.sainsburys.co.uk/shop/gb/groceries/drinks/all-whisky,whisky,1.0,WHISKY SELECTION MINIATURES 4X5CL,£7.00/unit,7.0,£7.00 / 1 ltr,7.0,1,ltr,7.0,l,,
2015-11-04 09:44:26.167039,SAINSBURY,310207,"Bitter, 4 cans, 3.4%-7.5% ABV",http://www.sainsburys.co.uk/shop/gb/groceries/drinks/ale-stout,bitter,0.0,TETLEY'S SMOOTH FLOW 15X440,£12.00/unit,12.0,£1.82 / 1 ltr,1.82,1,ltr,1.82,l,,
2015-11-04 09:44:26.170702,SAINSBURY,310207,"Bitter, 4 cans, 3.4%-7.5% ABV",http://www.sainsburys.co.uk/shop/gb/groceries/drinks/ale-stout,bitter,0.0,THEAKSTON OLD PECULIER ALE 500ML,£2.00/unit,2.0,£4.00 / 1 ltr,4.0,1,ltr,4.0,l,Buy any 3 for £5.00,Buy any 3 for £5.00
2015-11-04 09:44:26.174361,SAINSBURY,310207,"Bitter, 4 cans, 3.4%-7.5% ABV",http://www.sainsburys.co.uk/shop/gb/groceries/drinks/ale-stout,bitter,0.0,THEAKSTON XB 500ML (4.5% ABV),£2.00/unit,2.0,£4.00 / 1 ltr,4.0,1,ltr,4.0,l,Buy any 3 for £5.00,Buy any 3 for £5.00
2015-11-04 09:44:26.193368,SAINSBURY,211501,"Cheese Cheddar, home produced, per kg",http://www.sainsburys.co.uk/shop/gb/groceries/dairy-eggs-chilled/cheddar-british-regional-cheese,british cheddar ,0.0,SAINSBURY'S RED LEICESTER 400G,£2.60/unit,2.6,£6.50 / 1 kg,6.5,1,kg,6.5,kg,Buy any 2 for £5.00,Buy any 2 for £5.00
2015-11-04 09:44:26.196868,SAINSBURY,211501,"Cheese Cheddar, home produced, per kg",http://www.sainsburys.co.uk/shop/gb/groceries/dairy-eggs-chilled/cheddar-british-regional-cheese,british cheddar ,0.0,SAINSBURY'S RED LEICESTER SLICES 240G,£2.00/unit,2.0,£8.33 / 1 kg,8.33,1,kg,8.33,kg,,
2015-11-04 09:44:26.200017,SAINSBURY,211501,"Cheese Cheddar, home produced, per kg",http://www.sainsburys.co.uk/shop/gb/groceries/dairy-eggs-chilled/cheddar-british-regional-cheese,british cheddar ,0.0,"SAINSBURY'S RED LEICESTER, BASICS 250G",£1.50/unit,1.5,£6.00 / 1 kg,6.0,1,kg,6.0,kg,,
2015-11-04 09:44:26.202831,SAINSBURY,310401,"Whisky, bottle",http://www.sainsburys.co.uk/shop/gb/groceries/drinks/all-whisky,whisky,1.0,WHYTE & MACKAY WHISKY 1L,£15.00/unit,15.0,£15.00 / 1 ltr,15.0,1,ltr,15.0,l,Only £15.00: Save £5.00,Only £15.00: Save £5.00
2015-11-04 09:44:26.205461,SAINSBURY,310401,"Whisky, bottle",http://www.sainsburys.co.uk/shop/gb/groceries/drinks/all-whisky,whisky,1.0,WHYTE & MACKAY WHISKY 35CL,£7.50/unit,7.5,£21.43 / 1 ltr,21.43,1,ltr,21.43,l,Only £7.50: Save £1.00,Only £7.50: Save £1.00
2015-11-04 09:44:26.207911,SAINSBURY,310401,"Whisky, bottle",http://www.sainsburys.co.uk/shop/gb/groceries/drinks/all-whisky,whisky,1.0,WHYTE & MACKAY WHISKY 70CL,£15.00/unit,15.0,£21.43 / 1 ltr,21.43,1,ltr,21.43,l,,
2015-11-04 09:44:26.213735,SAINSBURY,310207,"Bitter, 4 cans, 3.4%-7.5% ABV",http://www.sainsburys.co.uk/shop/gb/groceries/drinks/ale-stout,bitter,0.0,THWAITES CRAFTY DAN FRUITY PALE ALE 500ML,£2.00/unit,2.0,£4.00 / 1 ltr,4.0,1,ltr,4.0,l,,
2015-11-04 09:44:26.217159,SAINSBURY,310207,"Bitter, 4 cans, 3.4%-7.5% ABV",http://www.sainsburys.co.uk/shop/gb/groceries/drinks/ale-stout,bitter,0.0,THWAITES WAINWRIGHT GOLDEN ALE 500ML,£2.00/unit,2.0,£4.00 / 1 ltr,4.0,1,ltr,4.0,l,Buy any 3 for £5.00,Buy any 3 for £5.00
2015-11-04 09:44:26.220492,SAINSBURY,310207,"Bitter, 4 cans, 3.4%-7.5% ABV",http://www.sainsburys.co.uk/shop/gb/groceries/drinks/ale-stout,bitter,0.0,TIMOTHY TAYLOR LANDLORD ALE 500ML,£2.00/unit,2.0,£4.00 / 1 ltr,4.0,1,ltr,4.0,l,Buy any 3 for £5.00,Buy any 3 for £5.00
2015-11-04 09:44:26.228148,SAINSBURY,212017,Fizzy bottled drink,http://www.sainsburys.co.uk/shop/gb/groceries/drinks/fruit-flavoured,bottle,0.0,RUBICON SPARKLING MANGO 2L,£1.60/unit,1.6,£0.08 / 100ml,0.08,100,ml,0.8,l,Buy any 2 for £2.00,Buy any 2 for £2.00
2015-11-04 09:44:26.233282,SAINSBURY,212017,Fizzy bottled drink,http://www.sainsburys.co.uk/shop/gb/groceries/drinks/fruit-flavoured,bottle,0.0,RUBICON SPARKLING MANGO 6X330ML,£3.20/unit,3.2,£0.16 / 100ml,0.16,100,ml,1.6,l,,
2015-11-04 09:44:26.243457,SAINSBURY,211501,"Cheese Cheddar, home produced, per kg",http://www.sainsburys.co.uk/shop/gb/groceries/dairy-eggs-chilled/cheddar-british-regional-cheese,british cheddar ,0.0,"SAINSBURY'S RED LEICESTER, BASICS 625G",£2.90/unit,2.9,£4.64 / 1 kg,4.64,1,kg,4.64,kg,,
2015-11-04 09:44:26.246495,SAINSBURY,211501,"Cheese Cheddar, home produced, per kg",http://www.sainsburys.co.uk/shop/gb/groceries/dairy-eggs-chilled/cheddar-british-regional-cheese,british cheddar ,0.0,"SAINSBURY'S RED LEICESTER, SO ORGANIC 270G",£2.50/unit,2.5,£9.26 / 1 kg,9.26,1,kg,9.26,kg,,
2015-11-04 09:44:26.249390,SAINSBURY,211501,"Cheese Cheddar, home produced, per kg",http://www.sainsburys.co.uk/shop/gb/groceries/dairy-eggs-chilled/cheddar-british-regional-cheese,british cheddar ,0.0,SAINSBURY'S SHROPSHIRE BLUE 200G,£2.00/unit,2.0,£10.00 / 1 kg,10.0,1,kg,10.0,kg,,
2015-11-04 09:44:26.252178,SAINSBURY,211501,"Cheese Cheddar, home produced, per kg",http://www.sainsburys.co.uk/shop/gb/groceries/dairy-eggs-chilled/cheddar-british-regional-cheese,british cheddar ,0.0,"SAINSBURY'S SHROPSHIRE RED CHEESE, TASTE THE DIFFERENCE 200G",£2.75/unit,2.75,£13.75 / 1 kg,13.75,1,kg,13.75,kg,,
2015-11-04 09:44:26.259337,SAINSBURY,310207,"Bitter, 4 cans, 3.4%-7.5% ABV",http://www.sainsburys.co.uk/shop/gb/groceries/drinks/ale-stout,bitter,0.0,WELLS BOMBARDIER BURNING GOLD 500ML,£2.00/unit,2.0,£4.00 / 1 ltr,4.0,1,ltr,4.0,l,,
2015-11-04 09:44:26.262298,SAINSBURY,310207,"Bitter, 4 cans, 3.4%-7.5% ABV",http://www.sainsburys.co.uk/shop/gb/groceries/drinks/ale-stout,bitter,0.0,WELLS BOMBARDIER ENGLISH BEER 4X500ML,£5.00/unit,5.0,£2.50 / 1 ltr,2.5,1,ltr,2.5,l,,
2015-11-04 09:44:26.265167,SAINSBURY,310207,"Bitter, 4 cans, 3.4%-7.5% ABV",http://www.sainsburys.co.uk/shop/gb/groceries/drinks/ale-stout,bitter,0.0,WELLS BOMBARDIER ENGLISH BEER 500ML,£2.00/unit,2.0,£4.00 / 1 ltr,4.0,1,ltr,4.0,l,,
2015-11-04 09:44:26.267897,SAINSBURY,310207,"Bitter, 4 cans, 3.4%-7.5% ABV",http://www.sainsburys.co.uk/shop/gb/groceries/drinks/ale-stout,bitter,0.0,WILLIAMS BROS CAESAR AUGUSTUS 500ML,£2.00/unit,2.0,£4.00 / 1 ltr,4.0,1,ltr,4.0,l,,
2015-11-04 09:44:26.273531,SAINSBURY,212017,Fizzy bottled drink,http://www.sainsburys.co.uk/shop/gb/groceries/drinks/fruit-flavoured,bottle,0.0,SAINSBURY'S CLASSIC DIET LEMONADE 2L,£0.95/unit,0.95,£0.05 / 100ml,0.05,100,ml,0.5,l,,
2015-11-04 09:44:26.278548,SAINSBURY,212017,Fizzy bottled drink,http://www.sainsburys.co.uk/shop/gb/groceries/drinks/fruit-flavoured,bottle,0.0,SAINSBURY'S CLASSIC LEMONADE 2L,£0.95/unit,0.95,£0.05 / 100ml,0.05,100,ml,0.5,l,,
2015-11-04 09:44:26.283106,SAINSBURY,211501,"Cheese Cheddar, home produced, per kg",http://www.sainsburys.co.uk/shop/gb/groceries/dairy-eggs-chilled/cheddar-british-regional-cheese,british cheddar ,0.0,SAINSBURY'S SOMERSET BRIE 160G,£1.50/unit,1.5,£9.38 / 1 kg,9.38,1,kg,9.38,kg,,
2015-11-04 09:44:26.285732,SAINSBURY,211501,"Cheese Cheddar, home produced, per kg",http://www.sainsburys.co.uk/shop/gb/groceries/dairy-eggs-chilled/cheddar-british-regional-cheese,british cheddar ,0.0,SAINSBURY'S SOMERSET GOATS CHEESE 100G,£1.70/unit,1.7,£17.00 / 1 kg,17.0,1,kg,17.0,kg,,
2015-11-04 09:44:26.288133,SAINSBURY,211501,"Cheese Cheddar, home produced, per kg",http://www.sainsburys.co.uk/shop/gb/groceries/dairy-eggs-chilled/cheddar-british-regional-cheese,british cheddar ,0.0,"SAINSBURY'S STILTON, SO ORGANIC 200G",£2.50/unit,2.5,£12.50 / 1 kg,12.5,1,kg,12.5,kg,,
2015-11-04 09:44:26.293161,SAINSBURY,310207,"Bitter, 4 cans, 3.4%-7.5% ABV",http://www.sainsburys.co.uk/shop/gb/groceries/drinks/ale-stout,bitter,0.0,WYCHWOOD HOBGOBLIN 4X440ML,£4.00/unit,4.0,£2.27 / 1 ltr,2.27,1,ltr,2.27,l,Only £4.00: Save £1.00,Only £4.00: Save £1.00
2015-11-04 09:44:26.295802,SAINSBURY,310207,"Bitter, 4 cans, 3.4%-7.5% ABV",http://www.sainsburys.co.uk/shop/gb/groceries/drinks/ale-stout,bitter,0.0,WYCHWOOD HOBGOBLIN ALE 6X500ML,£8.00/unit,8.0,£2.67 / 1 ltr,2.67,1,ltr,2.67,l,Only £8.00: Save £1.50,Only £8.00: Save £1.50
2015-11-04 09:44:26.298252,SAINSBURY,310207,"Bitter, 4 cans, 3.4%-7.5% ABV",http://www.sainsburys.co.uk/shop/gb/groceries/drinks/ale-stout,bitter,0.0,WYCHWOOD HOBGOBLIN EXTRA STRONG ALE 500ML,£2.00/unit,2.0,£4.00 / 1 ltr,4.0,1,ltr,4.0,l,Buy any 3 for £5.00,Buy any 3 for £5.00
2015-11-04 09:44:26.305682,SAINSBURY,212017,Fizzy bottled drink,http://www.sainsburys.co.uk/shop/gb/groceries/drinks/fruit-flavoured,bottle,0.0,SAINSBURY'S CLOUDY LEMONADE 2L,£0.60/unit,0.6,£0.03 / 100ml,0.03,100,ml,0.3,l,,
2015-11-04 09:44:26.310591,SAINSBURY,212017,Fizzy bottled drink,http://www.sainsburys.co.uk/shop/gb/groceries/drinks/fruit-flavoured,bottle,0.0,SAINSBURY'S CLOUDY LEMONADE NO ADDED SUGAR 2L,£0.60/unit,0.6,£0.03 / 100ml,0.03,100,ml,0.3,l,,
2015-11-04 09:44:26.342458,SAINSBURY,212017,Fizzy bottled drink,http://www.sainsburys.co.uk/shop/gb/groceries/drinks/fruit-flavoured,bottle,0.0,"SAINSBURY'S DIET CLOUDY LEMONADE, 6X330ML",£1.50/unit,1.5,£0.08 / 100ml,0.08,100,ml,0.8,l,,
2015-11-04 09:44:26.347055,SAINSBURY,212017,Fizzy bottled drink,http://www.sainsburys.co.uk/shop/gb/groceries/drinks/fruit-flavoured,bottle,0.0,SAINSBURY'S DIET LEMON & LIME 6X330ML,£1.50/unit,1.5,£0.08 / 100ml,0.08,100,ml,0.8,l,,
2015-11-04 09:44:26.351385,SAINSBURY,212017,Fizzy bottled drink,http://www.sainsburys.co.uk/shop/gb/groceries/drinks/fruit-flavoured,bottle,0.0,"SAINSBURY'S DIET LEMON & LIME, NO ADDED SUGAR 2L",£0.60/unit,0.6,£0.03 / 100ml,0.03,100,ml,0.3,l,,
2015-11-04 09:44:26.359624,SAINSBURY,212016,"Fresh/Chilled Orange Juice, eg. Tropicana",http://www.sainsburys.co.uk/shop/gb/groceries/drinks/drinks-chilled-fruit-juice,fresh orange juice ,0.33,SAINSBURY'S PURE PINEAPPLE JUICE 1L,£1.00/unit,1.0,£0.10 / 100ml,0.1,100,ml,1.0,l,Buy any 3 for £2.50,Buy any 3 for £2.50
2015-11-04 09:44:26.365595,SAINSBURY,212016,"Fresh/Chilled Orange Juice, eg. Tropicana",http://www.sainsburys.co.uk/shop/gb/groceries/drinks/drinks-chilled-fruit-juice,fresh orange juice ,0.0,"SAINSBURY'S RED GRAPE JUICE, NOT FROM CONCENTRATE 1L",£1.40/unit,1.4,£0.14 / 100ml,0.14,100,ml,1.4,l,Buy any 3 for £3.50,Buy any 3 for £3.50
2015-11-04 09:44:26.370531,SAINSBURY,212017,Fizzy bottled drink,http://www.sainsburys.co.uk/shop/gb/groceries/drinks/fruit-flavoured,bottle,0.0,SAINSBURY'S DIET LEMONADE 2L,£0.60/unit,0.6,£0.03 / 100ml,0.03,100,ml,0.3,l,,
2015-11-04 09:44:26.374733,SAINSBURY,212017,Fizzy bottled drink,http://www.sainsburys.co.uk/shop/gb/groceries/drinks/fruit-flavoured,bottle,0.0,SAINSBURY'S DIET LEMONADE 6X330ML,£1.50/unit,1.5,£0.08 / 100ml,0.08,100,ml,0.8,l,,
2015-11-04 09:44:26.378827,SAINSBURY,212017,Fizzy bottled drink,http://www.sainsburys.co.uk/shop/gb/groceries/drinks/fruit-flavoured,bottle,0.0,"SAINSBURY'S DIET LEMONADE, BASICS 2L",£0.20/unit,0.2,£0.01 / 100ml,0.01,100,ml,0.1,l,,
2015-11-04 09:44:26.385308,SAINSBURY,212016,"Fresh/Chilled Orange Juice, eg. Tropicana",http://www.sainsburys.co.uk/shop/gb/groceries/drinks/drinks-chilled-fruit-juice,fresh orange juice ,0.0,"SAINSBURY'S RUBY BREAKFAST JUICE, NOT FROM CONCENTRATE 1L",£1.40/unit,1.4,£0.14 / 100ml,0.14,100,ml,1.4,l,Buy any 3 for £3.50,Buy any 3 for £3.50
2015-11-04 09:44:26.391305,SAINSBURY,212016,"Fresh/Chilled Orange Juice, eg. Tropicana",http://www.sainsburys.co.uk/shop/gb/groceries/drinks/drinks-chilled-fruit-juice,fresh orange juice ,0.67,SAINSBURY'S SMOOTH PURE ORANGE JUICE 1L,£1.00/unit,1.0,£0.10 / 100ml,0.1,100,ml,1.0,l,Buy any 3 for £2.50,Buy any 3 for £2.50
2015-11-04 09:44:26.396109,SAINSBURY,212017,Fizzy bottled drink,http://www.sainsburys.co.uk/shop/gb/groceries/drinks/fruit-flavoured,bottle,0.0,SAINSBURY'S LEMONADE 1L,£0.55/unit,0.55,£0.06 / 100ml,0.06,100,ml,0.6,l,,
2015-11-04 09:44:26.400166,SAINSBURY,212017,Fizzy bottled drink,http://www.sainsburys.co.uk/shop/gb/groceries/drinks/fruit-flavoured,bottle,0.0,SAINSBURY'S LEMONADE 4X2L,£2.15/unit,2.15,£0.03 / 100ml,0.03,100,ml,0.3,l,,
2015-11-04 09:44:26.403851,SAINSBURY,212017,Fizzy bottled drink,http://www.sainsburys.co.uk/shop/gb/groceries/drinks/fruit-flavoured,bottle,0.0,SAINSBURY'S LEMONADE 6X330ML,£1.50/unit,1.5,£0.08 / 100ml,0.08,100,ml,0.8,l,,
2015-11-04 09:44:26.409504,SAINSBURY,212016,"Fresh/Chilled Orange Juice, eg. Tropicana",http://www.sainsburys.co.uk/shop/gb/groceries/drinks/drinks-chilled-fruit-juice,fresh orange juice ,0.0,"SAINSBURY'S ST CLEMENTS & LIME JUICE, NOT FROM CONCENTRATE 1L",£1.40/unit,1.4,£0.14 / 100ml,0.14,100,ml,1.4,l,Buy any 3 for £3.50,Buy any 3 for £3.50
2015-11-04 09:44:26.414940,SAINSBURY,212016,"Fresh/Chilled Orange Juice, eg. Tropicana",http://www.sainsburys.co.uk/shop/gb/groceries/drinks/drinks-chilled-fruit-juice,fresh orange juice ,0.33,SAINSBURY'S SUMMER BERRY JUICE DRINK 1L,£1.40/unit,1.4,£0.14 / 100ml,0.14,100,ml,1.4,l,Buy any 3 for £3.50,Buy any 3 for £3.50
2015-11-04 09:44:26.419289,SAINSBURY,212017,Fizzy bottled drink,http://www.sainsburys.co.uk/shop/gb/groceries/drinks/fruit-flavoured,bottle,0.0,"SAINSBURY'S LEMONADE, DIET 1L",£0.55/unit,0.55,£0.06 / 100ml,0.06,100,ml,0.6,l,,
2015-11-04 09:44:26.423031,SAINSBURY,212017,Fizzy bottled drink,http://www.sainsburys.co.uk/shop/gb/groceries/drinks/fruit-flavoured,bottle,0.0,"SAINSBURY'S LEMONADE, DIET 4X2L",£2.15/unit,2.15,£0.03 / 100ml,0.03,100,ml,0.3,l,,
2015-11-04 09:44:26.426485,SAINSBURY,212017,Fizzy bottled drink,http://www.sainsburys.co.uk/shop/gb/groceries/drinks/fruit-flavoured,bottle,0.0,SAINSBURY'S NO ADDED SUGAR  TROPICAL 6X330ML,£1.49/unit,1.49,£0.08 / 100ml,0.08,100,ml,0.8,l,,
2015-11-04 09:44:26.432022,SAINSBURY,212016,"Fresh/Chilled Orange Juice, eg. Tropicana",http://www.sainsburys.co.uk/shop/gb/groceries/drinks/drinks-chilled-fruit-juice,fresh orange juice ,0.33,SAINSBURY'S SUMMERFRUITS JUICE DRINK 2L,£1.40/unit,1.4,£0.07 / 100ml,0.07,100,ml,0.7,l,,
2015-11-04 09:44:26.437232,SAINSBURY,212016,"Fresh/Chilled Orange Juice, eg. Tropicana",http://www.sainsburys.co.uk/shop/gb/groceries/drinks/drinks-chilled-fruit-juice,fresh orange juice ,0.0,"SAINSBURY'S TOMATO JUICE, NOT FROM CONCENTRATE 1L",£1.40/unit,1.4,£0.14 / 100ml,0.14,100,ml,1.4,l,Buy any 3 for £3.50,Buy any 3 for £3.50
2015-11-04 09:44:26.441324,SAINSBURY,212017,Fizzy bottled drink,http://www.sainsburys.co.uk/shop/gb/groceries/drinks/fruit-flavoured,bottle,0.0,SAINSBURY'S NO ADDED SUGAR CHERRYADE 2L,£0.60/unit,0.6,£0.03 / 100ml,0.03,100,ml,0.3,l,,
2015-11-04 09:44:26.444607,SAINSBURY,212017,Fizzy bottled drink,http://www.sainsburys.co.uk/shop/gb/groceries/drinks/fruit-flavoured,bottle,0.0,SAINSBURY'S NO ADDED SUGAR ORANGEADE 2L,£0.60/unit,0.6,£0.03 / 100ml,0.03,100,ml,0.3,l,,
2015-11-04 09:44:26.447696,SAINSBURY,212017,Fizzy bottled drink,http://www.sainsburys.co.uk/shop/gb/groceries/drinks/fruit-flavoured,bottle,0.0,SAINSBURY'S NO ADDED SUGAR TROPICAL CRUSH DRINK 2L,£0.60/unit,0.6,£0.03 / 100ml,0.03,100,ml,0.3,l,,
2015-11-04 09:44:26.450652,SAINSBURY,212017,Fizzy bottled drink,http://www.sainsburys.co.uk/shop/gb/groceries/drinks/fruit-flavoured,bottle,0.0,SAINSBURY'S PINEAPPLE & GRAPEFRUIT 6X330ML,£1.49/unit,1.49,£0.08 / 100ml,0.08,100,ml,0.8,l,,
2015-11-04 09:44:26.455635,SAINSBURY,212016,"Fresh/Chilled Orange Juice, eg. Tropicana",http://www.sainsburys.co.uk/shop/gb/groceries/drinks/drinks-chilled-fruit-juice,fresh orange juice ,0.0,"SAINSBURY'S TROPICAL JUICE, NOT FROM CONCENTRATE 1L",£1.40/unit,1.4,£0.14 / 100ml,0.14,100,ml,1.4,l,Buy any 3 for £3.50,Buy any 3 for £3.50
2015-11-04 09:44:26.460457,SAINSBURY,212016,"Fresh/Chilled Orange Juice, eg. Tropicana",http://www.sainsburys.co.uk/shop/gb/groceries/drinks/drinks-chilled-fruit-juice,fresh orange juice ,0.0,"SAINSBURY'S WATERMELON, RASPBERRY & APPLE JUICE, NOT FROM CONCENTRATE 1L",£1.40/unit,1.4,£0.14 / 100ml,0.14,100,ml,1.4,l,Buy any 3 for £3.50,Buy any 3 for £3.50
2015-11-04 09:44:26.465060,SAINSBURY,212016,"Fresh/Chilled Orange Juice, eg. Tropicana",http://www.sainsburys.co.uk/shop/gb/groceries/drinks/drinks-chilled-fruit-juice,fresh orange juice ,0.0,SIMPLEE ALOE 1L,£3.50/unit,3.5,£0.35 / 100ml,0.35,100,ml,3.5,l,,
2015-11-04 09:44:26.474463,SAINSBURY,212017,Fizzy bottled drink,http://www.sainsburys.co.uk/shop/gb/groceries/drinks/fruit-flavoured,bottle,0.0,"SAINSBURY'S PINEAPPLE & GRAPEFRUIT JUICE DRINK, ZERO ADDED SUGAR 2L",£0.60/unit,0.6,£0.03 / 100ml,0.03,100,ml,0.3,l,,
2015-11-04 09:44:26.477417,SAINSBURY,212017,Fizzy bottled drink,http://www.sainsburys.co.uk/shop/gb/groceries/drinks/fruit-flavoured,bottle,0.0,"SAINSBURY'S PINK LEMONADE, ZERO ADDED SUGAR 2L",£0.60/unit,0.6,£0.03 / 100ml,0.03,100,ml,0.3,l,,
2015-11-04 09:44:26.480136,SAINSBURY,212017,Fizzy bottled drink,http://www.sainsburys.co.uk/shop/gb/groceries/drinks/fruit-flavoured,bottle,0.0,"SAINSBURY'S PINK LEMONADE, ZERO ADDED SUGAR 6X330ML",£1.50/unit,1.5,£0.08 / 100ml,0.08,100,ml,0.8,l,,
2015-11-04 09:44:26.482733,SAINSBURY,212017,Fizzy bottled drink,http://www.sainsburys.co.uk/shop/gb/groceries/drinks/fruit-flavoured,bottle,0.0,"SAINSBURY'S SICILIAN LEMONADE PRESSE, TASTE THE DIFFERENCE 330ML",£1.20/unit,1.2,£0.36 / 100ml,0.36,100,ml,3.6,l,Buy any 2 for £2.00,Buy any 2 for £2.00
2015-11-04 09:44:26.487578,SAINSBURY,212016,"Fresh/Chilled Orange Juice, eg. Tropicana",http://www.sainsburys.co.uk/shop/gb/groceries/drinks/drinks-chilled-fruit-juice,fresh orange juice ,0.33,SIMPLY GREAT POMEGREAT JUICE 1L,£2.00/unit,2.0,£0.20 / 100ml,0.2,100,ml,2.0,l,,
2015-11-04 09:44:26.492027,SAINSBURY,212016,"Fresh/Chilled Orange Juice, eg. Tropicana",http://www.sainsburys.co.uk/shop/gb/groceries/drinks/drinks-chilled-fruit-juice,fresh orange juice ,0.0,THIS WATER LEMONS & LIMES 1L,£2.30/unit,2.3,£0.23 / 100ml,0.23,100,ml,2.3,l,Buy any 2 for £3.50,Buy any 2 for £3.50
2015-11-04 09:44:26.496247,SAINSBURY,212016,"Fresh/Chilled Orange Juice, eg. Tropicana",http://www.sainsburys.co.uk/shop/gb/groceries/drinks/drinks-chilled-fruit-juice,fresh orange juice ,0.0,THIS WATER LEMONS & LIMES 420ML,£1.30/unit,1.3,£0.31 / 100ml,0.31,100,ml,3.1,l,Meal Deal for £3.00,Meal Deal for £3.00
2015-11-04 09:44:26.500790,SAINSBURY,212017,Fizzy bottled drink,http://www.sainsburys.co.uk/shop/gb/groceries/drinks/fruit-flavoured,bottle,0.0,"SAINSBURY'S SPARKLING ELDERFLOWER PRESSE, TASTE THE DIFFERENCE 330ML",£1.20/unit,1.2,£0.36 / 100ml,0.36,100,ml,3.6,l,Buy any 2 for £2.00,Buy any 2 for £2.00
2015-11-04 09:44:26.503248,SAINSBURY,212017,Fizzy bottled drink,http://www.sainsburys.co.uk/shop/gb/groceries/drinks/fruit-flavoured,bottle,0.0,"SAINSBURY'S SPARKLING FLAVOURED WATER, BLACKCURRANT & CHERRY 1L",£0.45/unit,0.45,£0.05 / 100ml,0.05,100,ml,0.5,l,,
2015-11-04 09:44:26.513854,SAINSBURY,212016,"Fresh/Chilled Orange Juice, eg. Tropicana",http://www.sainsburys.co.uk/shop/gb/groceries/drinks/drinks-chilled-fruit-juice,fresh orange juice ,0.0,THIS WATER ORANGES & LEMONS 420ML,£1.30/unit,1.3,£0.31 / 100ml,0.31,100,ml,3.1,l,Meal Deal for £3.00,Meal Deal for £3.00
2015-11-04 09:44:26.517971,SAINSBURY,212016,"Fresh/Chilled Orange Juice, eg. Tropicana",http://www.sainsburys.co.uk/shop/gb/groceries/drinks/drinks-chilled-fruit-juice,fresh orange juice ,0.0,THIS WATER RASPBERRIES & APPLES 1L,£2.30/unit,2.3,£0.23 / 100ml,0.23,100,ml,2.3,l,Buy any 2 for £3.50,Buy any 2 for £3.50
2015-11-04 09:44:26.521853,SAINSBURY,212016,"Fresh/Chilled Orange Juice, eg. Tropicana",http://www.sainsburys.co.uk/shop/gb/groceries/drinks/drinks-chilled-fruit-juice,fresh orange juice ,0.0,THIS WATER RASPBERRIES & APPLES 420ML,£1.30/unit,1.3,£0.31 / 100ml,0.31,100,ml,3.1,l,Meal Deal for £3.00,Meal Deal for £3.00
2015-11-04 09:44:26.544884,SAINSBURY,212016,"Fresh/Chilled Orange Juice, eg. Tropicana",http://www.sainsburys.co.uk/shop/gb/groceries/drinks/drinks-chilled-fruit-juice,fresh orange juice ,0.33,TROPICANA APPLE & MANGO JUICE 850ML,£2.20/unit,2.2,£0.26 / 100ml,0.26,100,ml,2.6,l,Buy any 2 for £4.00,Buy any 2 for £4.00
2015-11-04 09:44:26.548555,SAINSBURY,212016,"Fresh/Chilled Orange Juice, eg. Tropicana",http://www.sainsburys.co.uk/shop/gb/groceries/drinks/drinks-chilled-fruit-juice,fresh orange juice ,0.33,TROPICANA APPLE & RASPBERRY JUICE 850ML,£2.20/unit,2.2,£0.26 / 100ml,0.26,100,ml,2.6,l,Buy any 2 for £4.00,Buy any 2 for £4.00
2015-11-04 09:44:26.552059,SAINSBURY,212016,"Fresh/Chilled Orange Juice, eg. Tropicana",http://www.sainsburys.co.uk/shop/gb/groceries/drinks/drinks-chilled-fruit-juice,fresh orange juice ,0.33,TROPICANA APPLE JUICE 1.75L,£2.50/unit,2.5,£0.15 / 100ml,0.15,100,ml,1.5,l,Only £2.50: Save £1.10,Only £2.50: Save £1.10
2015-11-04 09:44:26.559173,SAINSBURY,310421,"Red Wine, European, bottle",http://www.sainsburys.co.uk/shop/gb/groceries/drinks/red-wine,red wine ,0.0,LEOPARD'S LEAP PINOTAGE SHIRAZ 75CL,£6.50/unit,6.5,£6.50 / 75cl,6.5,75,cl,8.6667,l,Buy any 6 or more save 25%,Buy any 6 or more save 25%
2015-11-04 09:44:26.566820,SAINSBURY,310421,"Red Wine, European, bottle",http://www.sainsburys.co.uk/shop/gb/groceries/drinks/red-wine,red wine ,0.0,LES HAUTS DU TERTRE MARGAUX 75CL,£26.00/unit,26.0,£26.00 / 75cl,26.0,75,cl,34.6667,l,Buy any 6 or more save 25%,Buy any 6 or more save 25%
2015-11-04 09:44:26.570716,SAINSBURY,212016,"Fresh/Chilled Orange Juice, eg. Tropicana",http://www.sainsburys.co.uk/shop/gb/groceries/drinks/drinks-chilled-fruit-juice,fresh orange juice ,0.67,TROPICANA CREATIONS ORANGE & LIME JUICE 850ML,£2.20/unit,2.2,£0.26 / 100ml,0.26,100,ml,2.6,l,Buy any 2 for £4.00,Buy any 2 for £4.00
2015-11-04 09:44:26.574168,SAINSBURY,212016,"Fresh/Chilled Orange Juice, eg. Tropicana",http://www.sainsburys.co.uk/shop/gb/groceries/drinks/drinks-chilled-fruit-juice,fresh orange juice ,0.33,TROPICANA GOLDEN GRAPEFRUIT JUICE 1L,£2.50/unit,2.5,£0.25 / 100ml,0.25,100,ml,2.5,l,Buy any 2 for £4.00,Buy any 2 for £4.00
2015-11-04 09:44:26.577443,SAINSBURY,212016,"Fresh/Chilled Orange Juice, eg. Tropicana",http://www.sainsburys.co.uk/shop/gb/groceries/drinks/drinks-chilled-fruit-juice,fresh orange juice ,0.33,TROPICANA LEMON & LIME JUICE 850ML,£2.20/unit,2.2,£0.26 / 100ml,0.26,100,ml,2.6,l,Buy any 2 for £4.00,Buy any 2 for £4.00
2015-11-04 09:44:26.584346,SAINSBURY,310421,"Red Wine, European, bottle",http://www.sainsburys.co.uk/shop/gb/groceries/drinks/red-wine,red wine ,0.0,LES ROSBIFS SHIRAZ 75CL,£7.00/unit,7.0,£7.00 / 75cl,7.0,75,cl,9.3333,l,Buy any 6 or more save 25%,Buy any 6 or more save 25%
2015-11-04 09:44:26.590406,SAINSBURY,310421,"Red Wine, European, bottle",http://www.sainsburys.co.uk/shop/gb/groceries/drinks/red-wine,red wine ,0.0,LINDEMAN'S BIN 50 SHIRAZ 75CL,£8.00/unit,8.0,£8.00 / 75cl,8.0,75,cl,10.6667,l,Buy any 6 or more save 25%,Buy any 6 or more save 25%
2015-11-04 09:44:26.593808,SAINSBURY,212016,"Fresh/Chilled Orange Juice, eg. Tropicana",http://www.sainsburys.co.uk/shop/gb/groceries/drinks/drinks-chilled-fruit-juice,fresh orange juice ,0.33,"TROPICANA MANGO, PASSIONFRUIT & PUMPKIN JUICE 850ML",£2.20/unit,2.2,£0.26 / 100ml,0.26,100,ml,2.6,l,Buy any 2 for £4.00,Buy any 2 for £4.00
2015-11-04 09:44:26.596794,SAINSBURY,212016,"Fresh/Chilled Orange Juice, eg. Tropicana",http://www.sainsburys.co.uk/shop/gb/groceries/drinks/drinks-chilled-fruit-juice,fresh orange juice ,0.33,"TROPICANA MANGO, PEACH & PAPAYA JUICE 850ML",£2.20/unit,2.2,£0.26 / 100ml,0.26,100,ml,2.6,l,Buy any 2 for £4.00,Buy any 2 for £4.00
2015-11-04 09:44:26.599598,SAINSBURY,212016,"Fresh/Chilled Orange Juice, eg. Tropicana",http://www.sainsburys.co.uk/shop/gb/groceries/drinks/drinks-chilled-fruit-juice,fresh orange juice ,0.33,TROPICANA MULTIVITAMINS JUICE JUICE 850ML,£2.20/unit,2.2,£0.26 / 100ml,0.26,100,ml,2.6,l,Buy any 2 for £4.00,Buy any 2 for £4.00
2015-11-04 09:44:26.602316,SAINSBURY,212016,"Fresh/Chilled Orange Juice, eg. Tropicana",http://www.sainsburys.co.uk/shop/gb/groceries/drinks/drinks-chilled-fruit-juice,fresh orange juice ,0.67,TROPICANA ORANGE & CALCIUM JUICE 850ML,£2.20/unit,2.2,£0.26 / 100ml,0.26,100,ml,2.6,l,Buy any 2 for £4.00,Buy any 2 for £4.00
2015-11-04 09:44:26.608153,SAINSBURY,310421,"Red Wine, European, bottle",http://www.sainsburys.co.uk/shop/gb/groceries/drinks/red-wine,red wine ,0.0,LONG ROW MERLOT 75CL,£8.00/unit,8.0,£8.00 / 75cl,8.0,75,cl,10.6667,l,Buy any 6 or more save 25%,Buy any 6 or more save 25%
2015-11-04 09:44:26.613635,SAINSBURY,310421,"Red Wine, European, bottle",http://www.sainsburys.co.uk/shop/gb/groceries/drinks/red-wine,red wine ,0.5,LONGUE-DOG RED 75CL,£6.00/unit,6.0,£6.00 / 75cl,6.0,75,cl,8.0,l,Buy any 6 or more save 25%,Buy any 6 or more save 25%
2015-11-04 09:44:26.616453,SAINSBURY,212016,"Fresh/Chilled Orange Juice, eg. Tropicana",http://www.sainsburys.co.uk/shop/gb/groceries/drinks/drinks-chilled-fruit-juice,fresh orange juice ,0.67,TROPICANA ORANGE & MANGO JUICE 850ML,£2.20/unit,2.2,£0.26 / 100ml,0.26,100,ml,2.6,l,Buy any 2 for £4.00,Buy any 2 for £4.00
2015-11-04 09:44:26.629235,SAINSBURY,310421,"Red Wine, European, bottle",http://www.sainsburys.co.uk/shop/gb/groceries/drinks/red-wine,red wine ,0.0,LOUIS MAX CÔTE DE NUITS VILLAGES 75CL,£19.00/unit,19.0,£19.00 / 75cl,19.0,75,cl,25.3333,l,Buy any 6 or more save 25%,Buy any 6 or more save 25%
2015-11-04 09:44:26.634420,SAINSBURY,310421,"Red Wine, European, bottle",http://www.sainsburys.co.uk/shop/gb/groceries/drinks/red-wine,red wine ,0.0,LOUIS MAX MERCUREY 75CL,£18.00/unit,18.0,£18.00 / 75cl,18.0,75,cl,24.0,l,Buy any 6 or more save 25%,Buy any 6 or more save 25%
2015-11-04 09:44:26.639711,SAINSBURY,310421,"Red Wine, European, bottle",http://www.sainsburys.co.uk/shop/gb/groceries/drinks/red-wine,red wine ,0.0,M. CHAPOUTIER LES MEYSONNIERS CROZES HERMITAGE 75CL,£16.00/unit,16.0,£16.00 / 75cl,16.0,75,cl,21.3333,l,Buy any 6 or more save 25%,Buy any 6 or more save 25%
2015-11-04 09:44:26.644656,SAINSBURY,310421,"Red Wine, European, bottle",http://www.sainsburys.co.uk/shop/gb/groceries/drinks/red-wine,red wine ,0.0,MARQUES DE MONTINO RIOJA CRIANZA 75CL,£7.00/unit,7.0,£7.00 / 75cl,7.0,75,cl,9.3333,l,Buy any 6 or more save 25%,Buy any 6 or more save 25%
2015-11-04 09:44:26.649418,SAINSBURY,310421,"Red Wine, European, bottle",http://www.sainsburys.co.uk/shop/gb/groceries/drinks/red-wine,red wine ,0.0,MARQUES DE MONTINO RIOJA JOVEN 75CL,£6.50/unit,6.5,£6.50 / 75cl,6.5,75,cl,8.6667,l,"Buy any 2 for £10.00,PLUS Buy any 6 or more save 25%","Buy any 2 for £10.00,PLUS Buy any 6 or more save 25%"
2015-11-04 09:44:26.654223,SAINSBURY,310421,"Red Wine, European, bottle",http://www.sainsburys.co.uk/shop/gb/groceries/drinks/red-wine,red wine ,0.0,MARQUES DE MONTINO RIOJA RESERVA 75CL,£9.00/unit,9.0,£9.00 / 75cl,9.0,75,cl,12.0,l,Buy any 6 or more save 25%,Buy any 6 or more save 25%
2015-11-04 09:44:26.658761,SAINSBURY,310421,"Red Wine, European, bottle",http://www.sainsburys.co.uk/shop/gb/groceries/drinks/red-wine,red wine ,0.0,MCGUIGAN CLASSIC CABERNET SAUVIGNON 75CL,£7.00/unit,7.0,£7.00 / 75cl,7.0,75,cl,9.3333,l,"Buy 2 for £11.00,PLUS Buy any 6 or more save 25%","Buy 2 for £11.00,PLUS Buy any 6 or more save 25%"
2015-11-04 09:44:26.663321,SAINSBURY,310421,"Red Wine, European, bottle",http://www.sainsburys.co.uk/shop/gb/groceries/drinks/red-wine,red wine ,0.0,MCGUIGAN CLASSIC MERLOT 75CL,£5.50/unit,5.5,£5.50 / 75cl,5.5,75,cl,7.3333,l,"Only £5.50: Save £1.50,PLUS Buy any 6 or more save 25%","Only £5.50: Save £1.50,PLUS Buy any 6 or more save 25%"
2015-11-04 09:44:26.667821,SAINSBURY,310421,"Red Wine, European, bottle",http://www.sainsburys.co.uk/shop/gb/groceries/drinks/red-wine,red wine ,0.0,MCGUIGAN ESTATE MERLOT 75CL,£5.00/unit,5.0,£5.00 / 75cl,5.0,75,cl,6.6667,l,"Only £5.00: Save £1.50,PLUS Buy any 6 or more save 25%","Only £5.00: Save £1.50,PLUS Buy any 6 or more save 25%"
2015-11-04 09:44:26.672141,SAINSBURY,310421,"Red Wine, European, bottle",http://www.sainsburys.co.uk/shop/gb/groceries/drinks/red-wine,red wine ,0.0,MCGUIGAN ESTATE SHIRAZ 18.7CL,£2.00/unit,2.0,£8.02 / 75cl,8.02,75,cl,10.6933,l,Buy any 6 or more save 25%,Buy any 6 or more save 25%
2015-11-04 09:44:26.676183,SAINSBURY,310421,"Red Wine, European, bottle",http://www.sainsburys.co.uk/shop/gb/groceries/drinks/red-wine,red wine ,0.0,MCGUIGAN ESTATE SOUTH AUSTRALIAN SHIRAZ 75CL,£6.50/unit,6.5,£6.50 / 75cl,6.5,75,cl,8.6667,l,"Buy any 2 for £10.00,PLUS Buy any 6 or more save 25%","Buy any 2 for £10.00,PLUS Buy any 6 or more save 25%"
2015-11-04 09:44:26.680328,SAINSBURY,310421,"Red Wine, European, bottle",http://www.sainsburys.co.uk/shop/gb/groceries/drinks/red-wine,red wine ,0.0,MCGUIGAN RESERVE CABERNET SAUVIGNON 75CL,£8.00/unit,8.0,£8.00 / 75cl,8.0,75,cl,10.6667,l,"Buy any 2 for £12.00,PLUS Buy any 6 or more save 25%","Buy any 2 for £12.00,PLUS Buy any 6 or more save 25%"
2015-11-04 09:44:26.684287,SAINSBURY,310421,"Red Wine, European, bottle",http://www.sainsburys.co.uk/shop/gb/groceries/drinks/red-wine,red wine ,0.0,MCGUIGAN RESERVE SHIRAZ 75CL,£8.00/unit,8.0,£8.00 / 75cl,8.0,75,cl,10.6667,l,"Buy any 2 for £12.00,PLUS Buy any 6 or more save 25%","Buy any 2 for £12.00,PLUS Buy any 6 or more save 25%"
2015-11-04 09:44:26.688031,SAINSBURY,310421,"Red Wine, European, bottle",http://www.sainsburys.co.uk/shop/gb/groceries/drinks/red-wine,red wine ,0.0,MONDELLI CHIANTI RISERVA 75CL,£8.00/unit,8.0,£8.00 / 75cl,8.0,75,cl,10.6667,l,"Buy any 2 for £12.00,PLUS Buy any 6 or more save 25%","Buy any 2 for £12.00,PLUS Buy any 6 or more save 25%"
2015-11-04 09:44:26.691749,SAINSBURY,310421,"Red Wine, European, bottle",http://www.sainsburys.co.uk/shop/gb/groceries/drinks/red-wine,red wine ,0.0,MONDELLI MONTEPULCIANO D'ABRUZZO DOC 75CL,£6.00/unit,6.0,£6.00 / 75cl,6.0,75,cl,8.0,l,"Buy any 2 for £10.00,PLUS Buy any 6 or more save 25%","Buy any 2 for £10.00,PLUS Buy any 6 or more save 25%"
2015-11-04 09:44:26.695255,SAINSBURY,310421,"Red Wine, European, bottle",http://www.sainsburys.co.uk/shop/gb/groceries/drinks/red-wine,red wine ,0.0,MONTPIERRE CABERNET SAUVIGNON 2.25L,£16.00/unit,16.0,£5.33 / 75cl,5.33,75,cl,7.1067,l,Buy any 6 or more save 25%,Buy any 6 or more save 25%
2015-11-04 09:44:26.698481,SAINSBURY,310421,"Red Wine, European, bottle",http://www.sainsburys.co.uk/shop/gb/groceries/drinks/red-wine,red wine ,0.0,MONTPIERRE RESERVE FITOU 75CL,£5.50/unit,5.5,£5.50 / 75cl,5.5,75,cl,7.3333,l,"Only £5.50: Save £1.00,PLUS Buy any 6 or more save 25%","Only £5.50: Save £1.00,PLUS Buy any 6 or more save 25%"
2015-11-04 09:44:26.701784,SAINSBURY,310421,"Red Wine, European, bottle",http://www.sainsburys.co.uk/shop/gb/groceries/drinks/red-wine,red wine ,0.0,MONTPIERRE RESERVE SHIRAZ 75CL,£6.00/unit,6.0,£6.00 / 75cl,6.0,75,cl,8.0,l,Buy any 6 or more save 25%,Buy any 6 or more save 25%
2015-11-04 09:44:26.704780,SAINSBURY,310421,"Red Wine, European, bottle",http://www.sainsburys.co.uk/shop/gb/groceries/drinks/red-wine,red wine ,0.0,MOST WANTED PINOT NOIR 75CL,£8.00/unit,8.0,£8.00 / 75cl,8.0,75,cl,10.6667,l,"Only £8.00: Save £2.00,PLUS Buy any 6 or more save 25%","Only £8.00: Save £2.00,PLUS Buy any 6 or more save 25%"
2015-11-04 09:44:26.707645,SAINSBURY,310421,"Red Wine, European, bottle",http://www.sainsburys.co.uk/shop/gb/groceries/drinks/red-wine,red wine ,0.0,"MOULIN-À-VENT, CHATEAU DES JACQUES 75CL",£13.00/unit,13.0,£13.00 / 75cl,13.0,75,cl,17.3333,l,"Only £13.00: Save £3.00,PLUS Buy any 6 or more save 25%","Only £13.00: Save £3.00,PLUS Buy any 6 or more save 25%"
2015-11-04 09:44:26.710379,SAINSBURY,310421,"Red Wine, European, bottle",http://www.sainsburys.co.uk/shop/gb/groceries/drinks/red-wine,red wine ,0.0,MUD HOUSE PINOT NOIR 75CL,£8.75/unit,8.75,£8.75 / 75cl,8.75,75,cl,11.6667,l,"Only £8.75: Save £2.25,PLUS Buy any 6 or more save 25%","Only £8.75: Save £2.25,PLUS Buy any 6 or more save 25%"
2015-11-04 09:44:26.713144,SAINSBURY,310421,"Red Wine, European, bottle",http://www.sainsburys.co.uk/shop/gb/groceries/drinks/red-wine,red wine ,1.0,NAMAQUA SOFT & FRUITY RED WINE 2.25L,£16.00/unit,16.0,£5.33 / 75cl,5.33,75,cl,7.1067,l,Buy any 6 or more save 25%,Buy any 6 or more save 25%
2015-11-04 09:44:26.807463,SAINSBURY,310419,"White Wine, European, bottle",http://www.sainsburys.co.uk/shop/gb/groceries/drinks/white-wine,white wine,0.0,MCGUIGAN RESERVE CHARDONNAY 75CL,£8.00/unit,8.0,£8.00 / 75cl,8.0,75,cl,10.6667,l,"Buy any 2 for £12.00,PLUS Buy any 6 or more save 25%","Buy any 2 for £12.00,PLUS Buy any 6 or more save 25%"
2015-11-04 09:44:26.814115,SAINSBURY,310419,"White Wine, European, bottle",http://www.sainsburys.co.uk/shop/gb/groceries/drinks/white-wine,white wine,0.5,MIRANDA SUMMER LIGHT WHITE 75CL,£5.00/unit,5.0,£5.00 / 75g,5.0,75,g,66.6667,kg,Buy any 6 or more save 25%,Buy any 6 or more save 25%
2015-11-04 09:44:26.820675,SAINSBURY,310419,"White Wine, European, bottle",http://www.sainsburys.co.uk/shop/gb/groceries/drinks/white-wine,white wine,0.0,MONDELLI 789 PINOT GRIGIO 75CL,£6.00/unit,6.0,£6.00 / 75cl,6.0,75,cl,8.0,l,"Buy any 2 for £10.00,PLUS Buy any 6 or more save 25%","Buy any 2 for £10.00,PLUS Buy any 6 or more save 25%"
2015-11-04 09:44:26.826544,SAINSBURY,310419,"White Wine, European, bottle",http://www.sainsburys.co.uk/shop/gb/groceries/drinks/white-wine,white wine,0.0,MONDELLI PINOT GRIGIO 75CL,£6.00/unit,6.0,£6.00 / 75cl,6.0,75,cl,8.0,l,Buy any 6 or more save 25%,Buy any 6 or more save 25%
2015-11-04 09:44:26.838039,SAINSBURY,310419,"White Wine, European, bottle",http://www.sainsburys.co.uk/shop/gb/groceries/drinks/white-wine,white wine,0.0,MONTPIERRE RESERVE SAUVIGNON BLANC 75CL,£6.00/unit,6.0,£6.00 / 75cl,6.0,75,cl,8.0,l,Buy any 6 or more save 25%,Buy any 6 or more save 25%
2015-11-04 09:44:26.843636,SAINSBURY,310419,"White Wine, European, bottle",http://www.sainsburys.co.uk/shop/gb/groceries/drinks/white-wine,white wine,0.0,MOUNT RILEY SAUVIGNON BLANC 75CL,£8.00/unit,8.0,£8.00 / 75cl,8.0,75,cl,10.6667,l,"Buy any 2 for £14.00,PLUS Buy any 6 or more save 25%","Buy any 2 for £14.00,PLUS Buy any 6 or more save 25%"
2015-11-04 09:44:26.855044,SAINSBURY,310419,"White Wine, European, bottle",http://www.sainsburys.co.uk/shop/gb/groceries/drinks/white-wine,white wine,0.0,MUD HOUSE MARLBOROUGH SAUVIGNON BLANC 75CL,£6.75/unit,6.75,£6.75 / 75cl,6.75,75,cl,9.0,l,"Only £6.75: Save £2.25,PLUS Buy any 6 or more save 25%","Only £6.75: Save £2.25,PLUS Buy any 6 or more save 25%"
2015-11-04 09:44:26.860345,SAINSBURY,310419,"White Wine, European, bottle",http://www.sainsburys.co.uk/shop/gb/groceries/drinks/white-wine,white wine,0.0,MUSCADET RÉSERVE DE LA VERDIÈRE 75CL,£5.00/unit,5.0,£5.00 / 75cl,5.0,75,cl,6.6667,l,"Only £5.00: Save £1.50,PLUS Buy any 6 or more save 25%","Only £5.00: Save £1.50,PLUS Buy any 6 or more save 25%"
2015-11-04 09:44:26.885801,SAINSBURY,310419,"White Wine, European, bottle",http://www.sainsburys.co.uk/shop/gb/groceries/drinks/white-wine,white wine,1.0,NAMAQUA CRISP & FRUITY WHITE WINE 2.25L,£16.00/unit,16.0,£5.33 / 75cl,5.33,75,cl,7.1067,l,Buy any 6 or more save 25%,Buy any 6 or more save 25%
2015-11-04 09:44:26.890844,SAINSBURY,310419,"White Wine, European, bottle",http://www.sainsburys.co.uk/shop/gb/groceries/drinks/white-wine,white wine,0.0,NOBILO MARLBOROUGH SAUVIGNON BLANC 75CL,£8.00/unit,8.0,£8.00 / 75cl,8.0,75,cl,10.6667,l,Buy any 6 or more save 25%,Buy any 6 or more save 25%
2015-11-04 09:44:26.897472,SAINSBURY,310215,"Lager, 4 bottles, 4.3%-7.5% ABV",http://www.sainsburys.co.uk/shop/gb/groceries/drinks/lager,lager bottles ,0.5,SAINSBURY'S CZECH PILSNER LAGER 500ML,£1.25/unit,1.25,£2.50 / 1 ltr,2.5,1,ltr,2.5,l,,
2015-11-04 09:44:26.902950,SAINSBURY,310215,"Lager, 4 bottles, 4.3%-7.5% ABV",http://www.sainsburys.co.uk/shop/gb/groceries/drinks/lager,lager bottles ,0.0,"SAINSBURY'S LAGER, BASICS 4X440ML",£1.05/unit,1.05,£0.60 / 1 ltr,0.6,1,ltr,0.6,l,,
2015-11-04 09:44:26.917665,SAINSBURY,211501,"Cheese Cheddar, home produced, per kg",http://www.sainsburys.co.uk/shop/gb/groceries/dairy-eggs-chilled/cheddar-british-regional-cheese,british cheddar ,0.0,SAINSBURY'S WENSLEYDALE 250G,£1.50/unit,1.5,£6.00 / 1 kg,6.0,1,kg,6.0,kg,Only £1.50: Save 20p,Only £1.50: Save 20p
2015-11-04 09:44:26.923306,SAINSBURY,310419,"White Wine, European, bottle",http://www.sainsburys.co.uk/shop/gb/groceries/drinks/white-wine,white wine,0.0,NZED SAUVIGNON BLANC 75CL,£6.75/unit,6.75,£6.75 / 75cl,6.75,75,cl,9.0,l,"Only £6.75: Save £1.25,PLUS Buy any 6 or more save 25%","Only £6.75: Save £1.25,PLUS Buy any 6 or more save 25%"
2015-11-04 09:44:26.928073,SAINSBURY,310419,"White Wine, European, bottle",http://www.sainsburys.co.uk/shop/gb/groceries/drinks/white-wine,white wine,0.0,OXFORD LANDING SAUVIGNON BLANC 75CL,£8.00/unit,8.0,£8.00 / 75cl,8.0,75,cl,10.6667,l,Buy any 6 or more save 25%,Buy any 6 or more save 25%
2015-11-04 09:44:26.933796,SAINSBURY,310215,"Lager, 4 bottles, 4.3%-7.5% ABV",http://www.sainsburys.co.uk/shop/gb/groceries/drinks/lager,lager bottles ,0.5,SAINSBURY'S LOW ALCOHOL CZECH LAGER 500ML,£1.20/unit,1.2,£2.40 / 1 ltr,2.4,1,ltr,2.4,l,,
2015-11-04 09:44:26.939223,SAINSBURY,310215,"Lager, 4 bottles, 4.3%-7.5% ABV",http://www.sainsburys.co.uk/shop/gb/groceries/drinks/lager,lager bottles ,0.0,SAINSBURY'S SAINT CERVOIS PREMIUM CONTINENTAL LARGER 8X25CL,£4.00/unit,4.0,£2.00 / 1 ltr,2.0,1,ltr,2.0,l,,
2015-11-04 09:44:26.943343,SAINSBURY,211501,"Cheese Cheddar, home produced, per kg",http://www.sainsburys.co.uk/shop/gb/groceries/dairy-eggs-chilled/cheddar-british-regional-cheese,british cheddar ,0.0,SAINSBURY'S WENSLEYDALE WITH CRANBERRIES 200G,£2.00/unit,2.0,£10.00 / 1 kg,10.0,1,kg,10.0,kg,Buy any 2 for £3.00,Buy any 2 for £3.00
2015-11-04 09:44:26.947228,SAINSBURY,211501,"Cheese Cheddar, home produced, per kg",http://www.sainsburys.co.uk/shop/gb/groceries/dairy-eggs-chilled/cheddar-british-regional-cheese,british cheddar ,0.0,"SAINSBURY'S WENSLEYDALE, SO ORGANIC 270G",£2.50/unit,2.5,£9.26 / 1 kg,9.26,1,kg,9.26,kg,,
2015-11-04 09:44:26.950795,SAINSBURY,211501,"Cheese Cheddar, home produced, per kg",http://www.sainsburys.co.uk/shop/gb/groceries/dairy-eggs-chilled/cheddar-british-regional-cheese,british cheddar ,0.0,"SAINSBURY'S WENSLEYDALE, TASTE THE DIFFERENCE 240G",£3.00/unit,3.0,£12.50 / 1 kg,12.5,1,kg,12.5,kg,,
2015-11-04 09:44:26.956051,SAINSBURY,310419,"White Wine, European, bottle",http://www.sainsburys.co.uk/shop/gb/groceries/drinks/white-wine,white wine,0.0,OYSTER BAY CHARDONNAY 75CL,£10.00/unit,10.0,£10.00 / 75cl,10.0,75,cl,13.3333,l,Buy any 6 or more save 25%,Buy any 6 or more save 25%
2015-11-04 09:44:26.960750,SAINSBURY,310419,"White Wine, European, bottle",http://www.sainsburys.co.uk/shop/gb/groceries/drinks/white-wine,white wine,0.0,OYSTER BAY SAUVIGNON BLANC 75CL,£8.25/unit,8.25,£8.25 / 75cl,8.25,75,cl,11.0,l,"Only £8.25: Save £1.75,PLUS Buy any 6 or more save 25%","Only £8.25: Save £1.75,PLUS Buy any 6 or more save 25%"
2015-11-04 09:44:26.965134,SAINSBURY,310419,"White Wine, European, bottle",http://www.sainsburys.co.uk/shop/gb/groceries/drinks/white-wine,white wine,0.0,PALASTRI CHARDONNAY 75CL,£6.50/unit,6.5,£6.50 / 75cl,6.5,75,cl,8.6667,l,Buy any 6 or more save 25%,Buy any 6 or more save 25%
2015-11-04 09:44:26.970640,SAINSBURY,310215,"Lager, 4 bottles, 4.3%-7.5% ABV",http://www.sainsburys.co.uk/shop/gb/groceries/drinks/lager,lager bottles ,0.5,SAMUEL ADAMS BOSTON LAGER 330ML,£1.75/unit,1.75,£5.30 / 1 ltr,5.3,1,ltr,5.3,l,Buy any 2 for £3.00,Buy any 2 for £3.00
2015-11-04 09:44:26.975658,SAINSBURY,310215,"Lager, 4 bottles, 4.3%-7.5% ABV",http://www.sainsburys.co.uk/shop/gb/groceries/drinks/lager,lager bottles ,0.5,SAN MIGUEL FRESCA LAGER 4X330ML,£4.00/unit,4.0,£3.03 / 1 ltr,3.03,1,ltr,3.03,l,Only £4.00: Save 50p,Only £4.00: Save 50p
2015-11-04 09:44:26.979394,SAINSBURY,211501,"Cheese Cheddar, home produced, per kg",http://www.sainsburys.co.uk/shop/gb/groceries/dairy-eggs-chilled/cheddar-british-regional-cheese,british cheddar ,0.0,"SAINSBURY'S WEST COUNTRY FARMHOUSE EXTRA MATURE CHEDDAR, TASTE THE DIFFERENCE 250G",£2.75/unit,2.75,£11.00 / 1 kg,11.0,1,kg,11.0,kg,,
2015-11-04 09:44:26.982752,SAINSBURY,211501,"Cheese Cheddar, home produced, per kg",http://www.sainsburys.co.uk/shop/gb/groceries/dairy-eggs-chilled/cheddar-british-regional-cheese,british cheddar ,0.0,"SAINSBURY'S WEST COUNTRY FARMHOUSE EXTRA MATURE CHEDDAR, TASTE THE DIFFERENCE 400G",£3.50/unit,3.5,£8.75 / 1 kg,8.75,1,kg,8.75,kg,,
2015-11-04 09:44:26.986040,SAINSBURY,211501,"Cheese Cheddar, home produced, per kg",http://www.sainsburys.co.uk/shop/gb/groceries/dairy-eggs-chilled/cheddar-british-regional-cheese,british cheddar ,0.5,SAINSBURY'S WEST COUNTRY FARMHOUSE MATURE CHEDDAR 270G,£2.15/unit,2.15,£7.96 / 1 kg,7.96,1,kg,7.96,kg,,
2015-11-04 09:44:26.990436,SAINSBURY,310419,"White Wine, European, bottle",http://www.sainsburys.co.uk/shop/gb/groceries/drinks/white-wine,white wine,0.0,PALASTRI PINOT GRIGIO 75CL,£5.00/unit,5.0,£5.00 / 75cl,5.0,75,cl,6.6667,l,"Only £5.00: Save £1.50,PLUS Buy any 6 or more save 25%","Only £5.00: Save £1.50,PLUS Buy any 6 or more save 25%"
2015-11-04 09:44:26.994542,SAINSBURY,310419,"White Wine, European, bottle",http://www.sainsburys.co.uk/shop/gb/groceries/drinks/white-wine,white wine,0.0,PETER LEHMANN PORTRAIT CHARDONNAY 75CL,£11.00/unit,11.0,£11.00 / 75cl,11.0,75,cl,14.6667,l,Buy any 6 or more save 25%,Buy any 6 or more save 25%
2015-11-04 09:44:26.998444,SAINSBURY,310419,"White Wine, European, bottle",http://www.sainsburys.co.uk/shop/gb/groceries/drinks/white-wine,white wine,0.0,PETER YEALANDS SAUVIGNON BLANC 75CL,£8.00/unit,8.0,£8.00 / 75cl,8.0,75,cl,10.6667,l,Buy any 6 or more save 25%,Buy any 6 or more save 25%
2015-11-04 09:44:27.003459,SAINSBURY,310215,"Lager, 4 bottles, 4.3%-7.5% ABV",http://www.sainsburys.co.uk/shop/gb/groceries/drinks/lager,lager bottles ,0.5,SAN MIGUEL LAGER 12X330ML,£12.00/unit,12.0,£3.03 / 1 ltr,3.03,1,ltr,3.03,l,,
2015-11-04 09:44:27.008148,SAINSBURY,310215,"Lager, 4 bottles, 4.3%-7.5% ABV",http://www.sainsburys.co.uk/shop/gb/groceries/drinks/lager,lager bottles ,0.5,SAN MIGUEL LAGER 4X330ML,£4.00/unit,4.0,£3.03 / 1 ltr,3.03,1,ltr,3.03,l,Only £4.00: Save 50p,Only £4.00: Save 50p
2015-11-04 09:44:27.012795,SAINSBURY,310215,"Lager, 4 bottles, 4.3%-7.5% ABV",http://www.sainsburys.co.uk/shop/gb/groceries/drinks/lager,lager bottles ,0.5,SAN MIGUEL LAGER 4X440ML,£4.50/unit,4.5,£2.56 / 1 ea,2.56,1,ea,2.56,each,,
2015-11-04 09:44:27.016058,SAINSBURY,211501,"Cheese Cheddar, home produced, per kg",http://www.sainsburys.co.uk/shop/gb/groceries/dairy-eggs-chilled/cheddar-british-regional-cheese,british cheddar ,0.5,SAINSBURY'S WEST COUNTRY FARMHOUSE MATURE CHEDDAR CHEESE 400G,£3.00/unit,3.0,£7.50 / 1 kg,7.5,1,kg,7.5,kg,Buy any 2 for £5.00,Buy any 2 for £5.00
2015-11-04 09:44:27.019155,SAINSBURY,211501,"Cheese Cheddar, home produced, per kg",http://www.sainsburys.co.uk/shop/gb/groceries/dairy-eggs-chilled/cheddar-british-regional-cheese,british cheddar ,0.0,"SAINSBURY'S WHITE CHEESE SLICES, MATURE, BE GOOD TO YOURSELF 240G",£2.00/unit,2.0,£8.33 / 1 kg,8.33,1,kg,8.33,kg,,
2015-11-04 09:44:27.022038,SAINSBURY,211501,"Cheese Cheddar, home produced, per kg",http://www.sainsburys.co.uk/shop/gb/groceries/dairy-eggs-chilled/cheddar-british-regional-cheese,british cheddar ,0.0,SAINSBURY'S WHITE CHESHIRE 250G,£1.50/unit,1.5,£6.00 / 1 g,6.0,1,g,6000.0,kg,Only £1.50: Save 20p,Only £1.50: Save 20p
2015-11-04 09:44:27.024922,SAINSBURY,211501,"Cheese Cheddar, home produced, per kg",http://www.sainsburys.co.uk/shop/gb/groceries/dairy-eggs-chilled/cheddar-british-regional-cheese,british cheddar ,0.5,TICKLER EXTRA MATURE CHEDDAR 350G,£3.00/unit,3.0,£8.57 / 1 kg,8.57,1,kg,8.57,kg,Only £3.00: Save 50p,Only £3.00: Save 50p
2015-11-04 09:44:27.029049,SAINSBURY,310419,"White Wine, European, bottle",http://www.sainsburys.co.uk/shop/gb/groceries/drinks/white-wine,white wine,0.0,PHANTOM RIVER SAUVIGNON BLANC 75CL,£6.50/unit,6.5,£6.50 / 75cl,6.5,75,cl,8.6667,l,Buy any 6 or more save 25%,Buy any 6 or more save 25%
2015-11-04 09:44:27.032657,SAINSBURY,310419,"White Wine, European, bottle",http://www.sainsburys.co.uk/shop/gb/groceries/drinks/white-wine,white wine,0.0,PORCUPINE RIDGE SAUVIGNON BLANC 75CL,£8.00/unit,8.0,£8.00 / 75cl,8.0,75,cl,10.6667,l,"Buy any 2 for £12.00,PLUS Buy any 6 or more save 25%","Buy any 2 for £12.00,PLUS Buy any 6 or more save 25%"
2015-11-04 09:44:27.036175,SAINSBURY,310419,"White Wine, European, bottle",http://www.sainsburys.co.uk/shop/gb/groceries/drinks/white-wine,white wine,0.0,POUILLY FUME ANTIQUE MOLLET 75CL,£17.00/unit,17.0,£17.00 / 75cl,17.0,75,cl,22.6667,l,Buy any 6 or more save 25%,Buy any 6 or more save 25%
2015-11-04 09:44:27.040714,SAINSBURY,310215,"Lager, 4 bottles, 4.3%-7.5% ABV",http://www.sainsburys.co.uk/shop/gb/groceries/drinks/lager,lager bottles ,0.5,SAN MIGUEL LAGER 660ML,£2.00/unit,2.0,£3.03 / 1 ltr,3.03,1,ltr,3.03,l,Buy any 3 for £5.00,Buy any 3 for £5.00
2015-11-04 09:44:27.045161,SAINSBURY,310215,"Lager, 4 bottles, 4.3%-7.5% ABV",http://www.sainsburys.co.uk/shop/gb/groceries/drinks/lager,lager bottles ,0.5,SAN MIGUEL LAGER BOTTLE & GLASS GIFT SET,£4.00/unit,4.0,£4.00 / 1 ltr,4.0,1,ltr,4.0,l,,
2015-11-04 09:44:27.049354,SAINSBURY,310215,"Lager, 4 bottles, 4.3%-7.5% ABV",http://www.sainsburys.co.uk/shop/gb/groceries/drinks/lager,lager bottles ,0.5,SINGHA THAI LAGER BEER 630ML,£2.00/unit,2.0,£3.17 / 1 ltr,3.17,1,ltr,3.17,l,Buy any 3 for £5.00,Buy any 3 for £5.00
2015-11-04 09:44:27.052143,SAINSBURY,211501,"Cheese Cheddar, home produced, per kg",http://www.sainsburys.co.uk/shop/gb/groceries/dairy-eggs-chilled/cheddar-british-regional-cheese,british cheddar ,0.5,TOFUTTI SLICED CHEDDAR STYLE CHEESE 152G,£2.25/unit,2.25,£1.48 / 100kg,1.48,100,kg,0.0148,kg,,
2015-11-04 09:44:27.054692,SAINSBURY,211501,"Cheese Cheddar, home produced, per kg",http://www.sainsburys.co.uk/shop/gb/groceries/dairy-eggs-chilled/cheddar-british-regional-cheese,british cheddar ,0.0,WEIGHT WATCHERS MATURE GRATED CHEESE 200G,£2.00/unit,2.0,£10.00 / 1 kg,10.0,1,kg,10.0,kg,,
2015-11-04 09:44:27.057190,SAINSBURY,211501,"Cheese Cheddar, home produced, per kg",http://www.sainsburys.co.uk/shop/gb/groceries/dairy-eggs-chilled/cheddar-british-regional-cheese,british cheddar ,0.5,WYKE FARMS RICH & CREAMY MATURE CHEDDAR 370G,£2.50/unit,2.5,£6.76 / 1 kg,6.76,1,kg,6.76,kg,Only £2.50: Save £1.00,Only £2.50: Save £1.00
2015-11-04 09:44:27.059605,SAINSBURY,211501,"Cheese Cheddar, home produced, per kg",http://www.sainsburys.co.uk/shop/gb/groceries/dairy-eggs-chilled/cheddar-british-regional-cheese,british cheddar ,0.5,WYKE FARMS SIMPLY GORGEOUS VINTAGE CHEDDAR 320G,£2.50/unit,2.5,£7.81 / 1 kg,7.81,1,kg,7.81,kg,Only £2.50: Save £1.00,Only £2.50: Save £1.00
2015-11-04 09:44:27.063332,SAINSBURY,310419,"White Wine, European, bottle",http://www.sainsburys.co.uk/shop/gb/groceries/drinks/white-wine,white wine,0.0,POUILLY FUMÉ LES CHAMPALOUETTES 75CL,£12.00/unit,12.0,£12.00 / 75cl,12.0,75,cl,16.0,l,Buy any 6 or more save 25%,Buy any 6 or more save 25%
2015-11-04 09:44:27.066528,SAINSBURY,310419,"White Wine, European, bottle",http://www.sainsburys.co.uk/shop/gb/groceries/drinks/white-wine,white wine,0.0,PRESTIGE DE CALVET SEMILLON BORDEAUX SAUVIGNON 75CL,£5.75/unit,5.75,£5.75 / 75cl,5.75,75,cl,7.6667,l,"Only £5.75: Save £2.25,PLUS Buy any 6 or more save 25%","Only £5.75: Save £2.25,PLUS Buy any 6 or more save 25%"
2015-11-04 09:44:27.069705,SAINSBURY,310419,"White Wine, European, bottle",http://www.sainsburys.co.uk/shop/gb/groceries/drinks/white-wine,white wine,0.0,ROC DE L'ABBAYE SANCERRE 75CL,£16.00/unit,16.0,£16.00 / 75cl,16.0,75,cl,21.3333,l,Buy any 6 or more save 25%,Buy any 6 or more save 25%
2015-11-04 09:44:27.072602,SAINSBURY,310419,"White Wine, European, bottle",http://www.sainsburys.co.uk/shop/gb/groceries/drinks/white-wine,white wine,0.0,ROC ST VINCENT BORDEAUX SAUVIGNON 75CL,£6.00/unit,6.0,£6.00 / 75cl,6.0,75,cl,8.0,l,"Only £6.00: Save £2.00,PLUS Buy any 6 or more save 25%","Only £6.00: Save £2.00,PLUS Buy any 6 or more save 25%"
2015-11-04 09:44:27.076962,SAINSBURY,310215,"Lager, 4 bottles, 4.3%-7.5% ABV",http://www.sainsburys.co.uk/shop/gb/groceries/drinks/lager,lager bottles ,0.5,SKOL LAGER 4X440ML,£2.50/unit,2.5,£1.42 / 1 ltr,1.42,1,ltr,1.42,l,,
2015-11-04 09:44:27.080920,SAINSBURY,310215,"Lager, 4 bottles, 4.3%-7.5% ABV",http://www.sainsburys.co.uk/shop/gb/groceries/drinks/lager,lager bottles ,0.5,SOL MEXICAN LAGER 12X330ML,£9.00/unit,9.0,£2.27 / 1 ltr,2.27,1,ltr,2.27,l,Only £9.00: Save £3.00,Only £9.00: Save £3.00
2015-11-04 09:44:27.084813,SAINSBURY,310215,"Lager, 4 bottles, 4.3%-7.5% ABV",http://www.sainsburys.co.uk/shop/gb/groceries/drinks/lager,lager bottles ,0.5,SOL MEXICAN LAGER 4X330ML,£4.00/unit,4.0,£3.03 / 1 ltr,3.03,1,ltr,3.03,l,Only £4.00: Save 50p,Only £4.00: Save 50p
2015-11-04 09:44:27.093224,SAINSBURY,310419,"White Wine, European, bottle",http://www.sainsburys.co.uk/shop/gb/groceries/drinks/white-wine,white wine,0.0,"SAINSBURY'S ALBARINO, TASTE THE DIFFERENCE 75CL",£8.00/unit,8.0,£8.00 / 75cl,8.0,75,cl,10.6667,l,Buy any 6 or more save 25%,Buy any 6 or more save 25%
2015-11-04 09:44:27.095999,SAINSBURY,310419,"White Wine, European, bottle",http://www.sainsburys.co.uk/shop/gb/groceries/drinks/white-wine,white wine,1.0,SAINSBURY'S ALCOHOL FREE WHITE WINE 75CL,£2.50/unit,2.5,£2.50 / 75cl,2.5,75,cl,3.3333,l,Buy any 6 or more save 25%,Buy any 6 or more save 25%
2015-11-04 09:44:27.098511,SAINSBURY,310419,"White Wine, European, bottle",http://www.sainsburys.co.uk/shop/gb/groceries/drinks/white-wine,white wine,0.0,"SAINSBURY'S ALSACE GEWURZTRAMINER, TASTE THE DIFFERENCE 75CL",£8.00/unit,8.0,£8.00 / 75cl,8.0,75,cl,10.6667,l,Buy any 6 or more save 25%,Buy any 6 or more save 25%
2015-11-04 09:44:27.104323,SAINSBURY,310215,"Lager, 4 bottles, 4.3%-7.5% ABV",http://www.sainsburys.co.uk/shop/gb/groceries/drinks/lager,lager bottles ,0.5,STAROPRAMEN LAGER 12X330ML,£12.00/unit,12.0,£3.03 / 1 ltr,3.03,1,ltr,3.03,l,,
2015-11-04 09:44:27.107937,SAINSBURY,310215,"Lager, 4 bottles, 4.3%-7.5% ABV",http://www.sainsburys.co.uk/shop/gb/groceries/drinks/lager,lager bottles ,0.5,STAROPRAMEN LAGER 4X330ML,£4.00/unit,4.0,£3.03 / 1 ltr,3.03,1,ltr,3.03,l,Only £4.00: Save 50p,Only £4.00: Save 50p
2015-11-04 09:44:27.111532,SAINSBURY,310215,"Lager, 4 bottles, 4.3%-7.5% ABV",http://www.sainsburys.co.uk/shop/gb/groceries/drinks/lager,lager bottles ,0.5,STAROPRAMEN LAGER 660ML,£2.00/unit,2.0,£3.03 / 1 ltr,3.03,1,ltr,3.03,l,Buy any 3 for £5.00,Buy any 3 for £5.00
2015-11-04 09:44:27.120833,SAINSBURY,310215,"Lager, 4 bottles, 4.3%-7.5% ABV",http://www.sainsburys.co.uk/shop/gb/groceries/drinks/lager,lager bottles ,0.5,STELLA ARTOIS LAGER 15X284ML,£10.00/unit,10.0,£2.35 / 1 ltr,2.35,1,ltr,2.35,l,Buy any 2 for £18.00,Buy any 2 for £18.00
2015-11-04 09:44:27.124180,SAINSBURY,310215,"Lager, 4 bottles, 4.3%-7.5% ABV",http://www.sainsburys.co.uk/shop/gb/groceries/drinks/lager,lager bottles ,0.5,STELLA ARTOIS LAGER 4% 12X440ML,£11.00/unit,11.0,£2.08 / 1 ltr,2.08,1,ltr,2.08,l,,
2015-11-04 09:44:27.127281,SAINSBURY,310215,"Lager, 4 bottles, 4.3%-7.5% ABV",http://www.sainsburys.co.uk/shop/gb/groceries/drinks/lager,lager bottles ,0.5,STELLA ARTOIS LAGER 4% 4X440ML,£4.00/unit,4.0,£2.27 / 1 ltr,2.27,1,ltr,2.27,l,,
2015-11-04 09:44:27.130494,SAINSBURY,310215,"Lager, 4 bottles, 4.3%-7.5% ABV",http://www.sainsburys.co.uk/shop/gb/groceries/drinks/lager,lager bottles ,0.5,STELLA ARTOIS LAGER 4.8% 18X440ML,£12.00/unit,12.0,£1.51 / 1 ltr,1.51,1,ltr,1.51,l,Only £12.00: Save £3.00,Only £12.00: Save £3.00
2015-11-04 09:44:27.133476,SAINSBURY,310215,"Lager, 4 bottles, 4.3%-7.5% ABV",http://www.sainsburys.co.uk/shop/gb/groceries/drinks/lager,lager bottles ,0.5,STELLA ARTOIS LAGER 4X440ML,£4.50/unit,4.5,£2.56 / 1 ltr,2.56,1,ltr,2.56,l,Buy any 2 for £8.00,Buy any 2 for £8.00
2015-11-04 09:44:27.136354,SAINSBURY,310215,"Lager, 4 bottles, 4.3%-7.5% ABV",http://www.sainsburys.co.uk/shop/gb/groceries/drinks/lager,lager bottles ,0.5,STELLA ARTOIS LAGER 4X568ML,£5.00/unit,5.0,£2.20 / 1 ltr,2.2,1,ltr,2.2,l,,
2015-11-04 09:44:27.138960,SAINSBURY,310215,"Lager, 4 bottles, 4.3%-7.5% ABV",http://www.sainsburys.co.uk/shop/gb/groceries/drinks/lager,lager bottles ,0.5,STELLA ARTOIS LAGER 660ML,£2.00/unit,2.0,£3.03 / 1 ltr,3.03,1,ltr,3.03,l,Buy any 3 for £5.00,Buy any 3 for £5.00
2015-11-04 09:44:27.141825,SAINSBURY,310215,"Lager, 4 bottles, 4.3%-7.5% ABV",http://www.sainsburys.co.uk/shop/gb/groceries/drinks/lager,lager bottles ,0.5,STELLA ARTOIS LAGER 6X330ML,£5.00/unit,5.0,£2.52 / 1 ltr,2.52,1,ltr,2.52,l,Only £5.00: Save £1.00,Only £5.00: Save £1.00
2015-11-04 09:44:27.144390,SAINSBURY,310215,"Lager, 4 bottles, 4.3%-7.5% ABV",http://www.sainsburys.co.uk/shop/gb/groceries/drinks/lager,lager bottles ,0.0,TIGER BEER 4X330ML,£4.00/unit,4.0,£3.03 / 1 ltr,3.03,1,ltr,3.03,l,Only £4.00: Save 50p,Only £4.00: Save 50p
2015-11-04 09:44:27.146736,SAINSBURY,310215,"Lager, 4 bottles, 4.3%-7.5% ABV",http://www.sainsburys.co.uk/shop/gb/groceries/drinks/lager,lager bottles ,0.0,TIGER BEER 640ML,£2.00/unit,2.0,£3.13 / 1 ltr,3.13,1,ltr,3.13,l,Buy any 3 for £5.00,Buy any 3 for £5.00
2015-11-04 09:44:27.190383,SAINSBURY,212017,Fizzy bottled drink,http://www.sainsburys.co.uk/shop/gb/groceries/drinks/fruit-flavoured,bottle,0.0,"SAINSBURY'S SPARKLING FLAVOURED WATER, MANGO & PASSIONFRUIT 1L",£0.45/unit,0.45,£0.05 / 100ml,0.05,100,ml,0.5,l,,
2015-11-04 09:44:27.195850,SAINSBURY,212017,Fizzy bottled drink,http://www.sainsburys.co.uk/shop/gb/groceries/drinks/fruit-flavoured,bottle,0.0,"SAINSBURY'S SPARKLING FLAVOURED WATER, MANGO & PASSIONFRUIT 500ML",£0.40/unit,0.4,£0.08 / 100ml,0.08,100,ml,0.8,l,,
2015-11-04 09:44:27.201249,SAINSBURY,212017,Fizzy bottled drink,http://www.sainsburys.co.uk/shop/gb/groceries/drinks/fruit-flavoured,bottle,0.0,"SAINSBURY'S SPARKLING FLAVOURED WATER, ORANGE & MANDARIN 1L",£0.45/unit,0.45,£0.05 / 100ml,0.05,100,ml,0.5,l,,
2015-11-04 09:44:27.206309,SAINSBURY,212017,Fizzy bottled drink,http://www.sainsburys.co.uk/shop/gb/groceries/drinks/fruit-flavoured,bottle,0.0,"SAINSBURY'S SPARKLING FLAVOURED WATER, PEACH & NECTARINE 1L",£0.45/unit,0.45,£0.05 / 100ml,0.05,100,ml,0.5,l,,
2015-11-04 09:44:27.212132,SAINSBURY,212017,Fizzy bottled drink,http://www.sainsburys.co.uk/shop/gb/groceries/drinks/fruit-flavoured,bottle,0.0,"SAINSBURY'S SPARKLING FLAVOURED WATER, STRAWBERRY & KIWI 1L",£0.45/unit,0.45,£0.05 / 100ml,0.05,100,ml,0.5,l,,
2015-11-04 09:44:27.216995,SAINSBURY,212017,Fizzy bottled drink,http://www.sainsburys.co.uk/shop/gb/groceries/drinks/fruit-flavoured,bottle,0.0,"SAINSBURY'S SPARKLING FLAVOURED WATER, STRAWBERRY & KIWI 500ML",£0.40/unit,0.4,£0.08 / 100ml,0.08,100,ml,0.8,l,,
2015-11-04 09:44:27.221743,SAINSBURY,212017,Fizzy bottled drink,http://www.sainsburys.co.uk/shop/gb/groceries/drinks/fruit-flavoured,bottle,0.0,"SAN PELLEGRINO ARANCIATA ROSSA, ITALIAN SPARKLING BLOOD ORANGE 6X330ML",£4.00/unit,4.0,£0.20 / 100ml,0.2,100,ml,2.0,l,,
2015-11-04 09:44:27.226521,SAINSBURY,212017,Fizzy bottled drink,http://www.sainsburys.co.uk/shop/gb/groceries/drinks/fruit-flavoured,bottle,0.0,"SAN PELLEGRINO ARANCIATA, ITALIAN SPARKLING ORANGE 6X330ML",£4.00/unit,4.0,£0.20 / 100ml,0.2,100,ml,2.0,l,,
2015-11-04 09:44:27.231099,SAINSBURY,212017,Fizzy bottled drink,http://www.sainsburys.co.uk/shop/gb/groceries/drinks/fruit-flavoured,bottle,0.0,"SAN PELLEGRINO LIMONATA, ITALIAN SPARKLING LEMON 6X330ML",£4.00/unit,4.0,£0.20 / 100ml,0.2,100,ml,2.0,l,,
2015-11-04 09:44:27.235496,SAINSBURY,212017,Fizzy bottled drink,http://www.sainsburys.co.uk/shop/gb/groceries/drinks/fruit-flavoured,bottle,0.0,SANPELLEGRINO SPARKLING LEMON & MINT 6X330ML,£4.00/unit,4.0,£0.20 / 100ml,0.2,100,ml,2.0,l,,
2015-11-04 09:44:27.239896,SAINSBURY,212017,Fizzy bottled drink,http://www.sainsburys.co.uk/shop/gb/groceries/drinks/fruit-flavoured,bottle,0.0,SANPELLEGRINO SPARKLING ORANGE & POMEGRANATE 6X330ML,£4.00/unit,4.0,£0.20 / 100ml,0.2,100,ml,2.0,l,,
2015-11-04 09:44:27.244094,SAINSBURY,212017,Fizzy bottled drink,http://www.sainsburys.co.uk/shop/gb/groceries/drinks/fruit-flavoured,bottle,0.0,SCHWEPPES GRAPEFRUIT & BLOOD ORANGE 750ML,£2.00/unit,2.0,£0.27 / 100ml,0.27,100,ml,2.7,l,,
2015-11-04 09:44:27.248171,SAINSBURY,212017,Fizzy bottled drink,http://www.sainsburys.co.uk/shop/gb/groceries/drinks/fruit-flavoured,bottle,0.0,SCHWEPPES LEMON & ELDERFLOWER 750ML,£2.00/unit,2.0,£0.27 / 100ml,0.27,100,ml,2.7,l,,
2015-11-04 09:44:27.258235,SAINSBURY,212017,Fizzy bottled drink,http://www.sainsburys.co.uk/shop/gb/groceries/drinks/fruit-flavoured,bottle,0.0,SCHWEPPES LEMONADE 6X330ML,£2.50/unit,2.5,£0.13 / 100ml,0.13,100,ml,1.3,l,,
2015-11-04 09:44:27.262168,SAINSBURY,212017,Fizzy bottled drink,http://www.sainsburys.co.uk/shop/gb/groceries/drinks/fruit-flavoured,bottle,0.0,"SCHWEPPES LEMONADE, DIET 2L",£1.30/unit,1.3,£0.07 / 100ml,0.07,100,ml,0.7,l,Buy any 2 for £2.00,Buy any 2 for £2.00
2015-11-04 09:44:27.265996,SAINSBURY,212017,Fizzy bottled drink,http://www.sainsburys.co.uk/shop/gb/groceries/drinks/fruit-flavoured,bottle,0.0,"SCHWEPPES LEMONADE, DIET 6X330ML",£2.50/unit,2.5,£0.13 / 100ml,0.13,100,ml,1.3,l,,
2015-11-04 09:44:27.271021,SAINSBURY,212017,Fizzy bottled drink,http://www.sainsburys.co.uk/shop/gb/groceries/drinks/fruit-flavoured,bottle,0.0,SCHWEPPES ORANGE & CRANBERRY 750ML,£2.00/unit,2.0,£0.27 / 100ml,0.27,100,ml,2.7,l,,
2015-11-04 09:44:27.274615,SAINSBURY,212017,Fizzy bottled drink,http://www.sainsburys.co.uk/shop/gb/groceries/drinks/fruit-flavoured,bottle,0.0,SHLOER LIGHT RED GRAPE SPARKLING JUICE DRINK 750ML,£2.00/unit,2.0,£0.27 / 100ml,0.27,100,ml,2.7,l,,
2015-11-04 09:44:27.278033,SAINSBURY,212017,Fizzy bottled drink,http://www.sainsburys.co.uk/shop/gb/groceries/drinks/fruit-flavoured,bottle,0.0,SHLOER LIGHT WHITE GRAPE SPARKLING JUICE DRINK 750ML,£2.00/unit,2.0,£0.27 / 100ml,0.27,100,ml,2.7,l,,
2015-11-04 09:44:27.297202,SAINSBURY,212016,"Fresh/Chilled Orange Juice, eg. Tropicana",http://www.sainsburys.co.uk/shop/gb/groceries/drinks/drinks-chilled-fruit-juice,fresh orange juice ,0.67,TROPICANA ORANGE JUICE 1.75L,£2.50/unit,2.5,£0.15 / 100ml,0.15,100,ml,1.5,l,Only £2.50: Save £1.10,Only £2.50: Save £1.10
2015-11-04 09:44:27.301033,SAINSBURY,212017,Fizzy bottled drink,http://www.sainsburys.co.uk/shop/gb/groceries/drinks/fruit-flavoured,bottle,0.0,SPRITE SPARKLING LEMON & LIME DRINK 2L,£1.85/unit,1.85,£0.09 / 100ml,0.09,100,ml,0.9,l,,
2015-11-04 09:44:27.304240,SAINSBURY,212017,Fizzy bottled drink,http://www.sainsburys.co.uk/shop/gb/groceries/drinks/fruit-flavoured,bottle,0.0,SPRITE SPARKLING LEMON & LIME DRINK 500ML,£1.25/unit,1.25,£0.25 / 100ml,0.25,100,ml,2.5,l,Buy any 2 for £2.00,Buy any 2 for £2.00
2015-11-04 09:44:27.307390,SAINSBURY,212017,Fizzy bottled drink,http://www.sainsburys.co.uk/shop/gb/groceries/drinks/fruit-flavoured,bottle,0.0,SPRITE SPARKLING LEMON & LIME DRINK X6 330ML,£3.20/unit,3.2,£0.16 / 100ml,0.16,100,ml,1.6,l,Buy any 2 for £6.00,Buy any 2 for £6.00
2015-11-04 09:44:27.310420,SAINSBURY,212017,Fizzy bottled drink,http://www.sainsburys.co.uk/shop/gb/groceries/drinks/fruit-flavoured,bottle,0.0,SPRITE ZERO 2L,£1.85/unit,1.85,£0.09 / 100ml,0.09,100,ml,0.9,l,,
2015-11-04 09:44:27.315350,SAINSBURY,212016,"Fresh/Chilled Orange Juice, eg. Tropicana",http://www.sainsburys.co.uk/shop/gb/groceries/drinks/drinks-chilled-fruit-juice,fresh orange juice ,0.67,TROPICANA ORANGE JUICE WITH BITS 1L,£2.50/unit,2.5,£0.25 / 100ml,0.25,100,ml,2.5,l,Buy any 2 for £4.00,Buy any 2 for £4.00
2015-11-04 09:44:27.320175,SAINSBURY,212016,"Fresh/Chilled Orange Juice, eg. Tropicana",http://www.sainsburys.co.uk/shop/gb/groceries/drinks/drinks-chilled-fruit-juice,fresh orange juice ,0.67,TROPICANA ORANGE JUICE WITH EXTRA JUICY BITS 1.75L,£2.50/unit,2.5,£0.15 / 100ml,0.15,100,ml,1.5,l,Only £2.50: Save £1.10,Only £2.50: Save £1.10
2015-11-04 09:44:27.324847,SAINSBURY,212016,"Fresh/Chilled Orange Juice, eg. Tropicana",http://www.sainsburys.co.uk/shop/gb/groceries/drinks/drinks-chilled-fruit-juice,fresh orange juice ,0.67,TROPICANA ORANGE JUICE WITH EXTRA JUICY BITS 1L,£2.50/unit,2.5,£0.25 / 100ml,0.25,100,ml,2.5,l,Buy any 2 for £4.00,Buy any 2 for £4.00
2015-11-04 09:44:27.331356,SAINSBURY,212017,Fizzy bottled drink,http://www.sainsburys.co.uk/shop/gb/groceries/drinks/fruit-flavoured,bottle,0.0,SPRITE ZERO 6X330ML,£3.20/unit,3.2,£0.16 / 100ml,0.16,100,ml,1.6,l,Buy any 2 for £6.00,Buy any 2 for £6.00
2015-11-04 09:44:27.334198,SAINSBURY,212017,Fizzy bottled drink,http://www.sainsburys.co.uk/shop/gb/groceries/drinks/fruit-flavoured,bottle,0.0,TANGO APPLE 6X330ML,£2.00/unit,2.0,£0.10 / 100ml,0.1,100,ml,1.0,l,Only £2.00: Save £1.20,Only £2.00: Save £1.20
2015-11-04 09:44:27.336905,SAINSBURY,212017,Fizzy bottled drink,http://www.sainsburys.co.uk/shop/gb/groceries/drinks/fruit-flavoured,bottle,0.0,TANGO APPLE DRINK 2L,£1.85/unit,1.85,£0.09 / 100ml,0.09,100,ml,0.9,l,Buy any 2 for £3.00,Buy any 2 for £3.00
2015-11-04 09:44:27.339458,SAINSBURY,212017,Fizzy bottled drink,http://www.sainsburys.co.uk/shop/gb/groceries/drinks/fruit-flavoured,bottle,0.0,TANGO CHERRY 2L,£1.85/unit,1.85,£0.09 / 100ml,0.09,100,ml,0.9,l,Buy any 2 for £3.00,Buy any 2 for £3.00
2015-11-04 09:44:27.344026,SAINSBURY,212016,"Fresh/Chilled Orange Juice, eg. Tropicana",http://www.sainsburys.co.uk/shop/gb/groceries/drinks/drinks-chilled-fruit-juice,fresh orange juice ,0.67,TROPICANA ORANGE JUICE WITH JUICY BITS 4X250ML,£3.00/unit,3.0,£0.30 / 100ml,0.3,100,ml,3.0,l,,
2015-11-04 09:44:27.348389,SAINSBURY,212016,"Fresh/Chilled Orange Juice, eg. Tropicana",http://www.sainsburys.co.uk/shop/gb/groceries/drinks/drinks-chilled-fruit-juice,fresh orange juice ,0.33,TROPICANA PINEAPPLE JUICE 850ML,£2.20/unit,2.2,£0.26 / 100ml,0.26,100,ml,2.6,l,Buy any 2 for £4.00,Buy any 2 for £4.00
2015-11-04 09:44:27.352723,SAINSBURY,212016,"Fresh/Chilled Orange Juice, eg. Tropicana",http://www.sainsburys.co.uk/shop/gb/groceries/drinks/drinks-chilled-fruit-juice,fresh orange juice ,0.67,"TROPICANA PINEAPPLE, ORANGE & CARROT JUICE 850ML",£2.20/unit,2.2,£0.26 / 100ml,0.26,100,ml,2.6,l,Buy any 2 for £4.00,Buy any 2 for £4.00
2015-11-04 09:44:27.407692,SAINSBURY,212017,Fizzy bottled drink,http://www.sainsburys.co.uk/shop/gb/groceries/drinks/fruit-flavoured,bottle,0.0,TANGO CHERRY 6X330ML,£2.00/unit,2.0,£0.10 / 100ml,0.1,100,ml,1.0,l,Only £2.00: Save £1.00,Only £2.00: Save £1.00
2015-11-04 09:44:27.419314,SAINSBURY,212016,"Fresh/Chilled Orange Juice, eg. Tropicana",http://www.sainsburys.co.uk/shop/gb/groceries/drinks/drinks-chilled-fruit-juice,fresh orange juice ,0.33,TROPICANA PRESSED APPLE JUICE 1L,£2.50/unit,2.5,£0.25 / 100ml,0.25,100,ml,2.5,l,Buy any 2 for £4.00,Buy any 2 for £4.00
2015-11-04 09:44:27.423401,SAINSBURY,212016,"Fresh/Chilled Orange Juice, eg. Tropicana",http://www.sainsburys.co.uk/shop/gb/groceries/drinks/drinks-chilled-fruit-juice,fresh orange juice ,0.33,TROPICANA RED GRAPE JUICE 1L,£2.50/unit,2.5,£0.25 / 100ml,0.25,100,ml,2.5,l,Buy any 2 for £4.00,Buy any 2 for £4.00
2015-11-04 09:44:27.427299,SAINSBURY,212016,"Fresh/Chilled Orange Juice, eg. Tropicana",http://www.sainsburys.co.uk/shop/gb/groceries/drinks/drinks-chilled-fruit-juice,fresh orange juice ,0.33,TROPICANA RUBY BREAFAST JUICE 850ML,£2.20/unit,2.2,£0.26 / 100ml,0.26,100,ml,2.6,l,Buy any 2 for £4.00,Buy any 2 for £4.00
2015-11-04 09:44:27.440826,SAINSBURY,212016,"Fresh/Chilled Orange Juice, eg. Tropicana",http://www.sainsburys.co.uk/shop/gb/groceries/drinks/drinks-chilled-fruit-juice,fresh orange juice ,0.67,TROPICANA SMOOTH ORANGE JUICE 1.75L,£2.50/unit,2.5,£0.15 / 100ml,0.15,100,ml,1.5,l,Only £2.50: Save £1.10,Only £2.50: Save £1.10
2015-11-04 09:44:27.444525,SAINSBURY,212016,"Fresh/Chilled Orange Juice, eg. Tropicana",http://www.sainsburys.co.uk/shop/gb/groceries/drinks/drinks-chilled-fruit-juice,fresh orange juice ,0.67,TROPICANA SMOOTH ORANGE JUICE 1L,£2.50/unit,2.5,£0.25 / 100ml,0.25,100,ml,2.5,l,Buy any 2 for £4.00,Buy any 2 for £4.00
2015-11-04 09:44:27.448064,SAINSBURY,212016,"Fresh/Chilled Orange Juice, eg. Tropicana",http://www.sainsburys.co.uk/shop/gb/groceries/drinks/drinks-chilled-fruit-juice,fresh orange juice ,0.67,TROPICANA SMOOTH ORANGE JUICE 4X250ML,£3.00/unit,3.0,£0.30 / 100ml,0.3,100,ml,3.0,l,,
2015-11-04 09:44:27.451485,SAINSBURY,212016,"Fresh/Chilled Orange Juice, eg. Tropicana",http://www.sainsburys.co.uk/shop/gb/groceries/drinks/drinks-chilled-fruit-juice,fresh orange juice ,0.33,"TROPICANA STRAWBERRY, BANANA & BEETROOT JUICE 850ML",£2.20/unit,2.2,£0.26 / 100ml,0.26,100,ml,2.6,l,Buy any 2 for £4.00,Buy any 2 for £4.00
2015-11-04 09:44:27.454821,SAINSBURY,212016,"Fresh/Chilled Orange Juice, eg. Tropicana",http://www.sainsburys.co.uk/shop/gb/groceries/drinks/drinks-chilled-fruit-juice,fresh orange juice ,0.67,TROPICANA TROP50 ORANGE & MANGO JUICE DRINK 1L,£2.50/unit,2.5,£0.25 / 100ml,0.25,100,ml,2.5,l,Buy any 2 for £4.00,Buy any 2 for £4.00
2015-11-04 09:44:27.458036,SAINSBURY,212016,"Fresh/Chilled Orange Juice, eg. Tropicana",http://www.sainsburys.co.uk/shop/gb/groceries/drinks/drinks-chilled-fruit-juice,fresh orange juice ,0.67,TROPICANA TROP50 ORANGE WITH BITS JUICE DRINK 1L,£2.50/unit,2.5,£0.25 / 100ml,0.25,100,ml,2.5,l,Buy any 2 for £4.00,Buy any 2 for £4.00
2015-11-04 09:44:27.461119,SAINSBURY,212016,"Fresh/Chilled Orange Juice, eg. Tropicana",http://www.sainsburys.co.uk/shop/gb/groceries/drinks/drinks-chilled-fruit-juice,fresh orange juice ,0.67,TROPICANA TROP50 SMOOTH ORANGE JUICE DRINK 1L,£2.50/unit,2.5,£0.25 / 100ml,0.25,100,ml,2.5,l,Buy any 2 for £4.00,Buy any 2 for £4.00
2015-11-04 09:44:27.464257,SAINSBURY,212016,"Fresh/Chilled Orange Juice, eg. Tropicana",http://www.sainsburys.co.uk/shop/gb/groceries/drinks/drinks-chilled-fruit-juice,fresh orange juice ,0.33,TROPICANA TROPICAL FRUIT JUICE 1.5L,£2.50/unit,2.5,£0.17 / 100ml,0.17,100,ml,1.7,l,Only £2.50: Save £1.10,Only £2.50: Save £1.10
2015-11-04 09:44:27.467063,SAINSBURY,212016,"Fresh/Chilled Orange Juice, eg. Tropicana",http://www.sainsburys.co.uk/shop/gb/groceries/drinks/drinks-chilled-fruit-juice,fresh orange juice ,0.33,TROPICANA TROPICAL JUICE 850ML,£2.20/unit,2.2,£0.26 / 100ml,0.26,100,ml,2.6,l,Buy any 2 for £4.00,Buy any 2 for £4.00
2015-11-04 09:44:27.469720,SAINSBURY,212016,"Fresh/Chilled Orange Juice, eg. Tropicana",http://www.sainsburys.co.uk/shop/gb/groceries/drinks/drinks-chilled-fruit-juice,fresh orange juice ,0.0,VITA COCO 100% PURE COCONUT WATER 1L,£3.00/unit,3.0,£0.30 / 100ml,0.3,100,ml,3.0,l,Only £3.00: Save 50p,Only £3.00: Save 50p
2015-11-04 09:44:27.472202,SAINSBURY,212016,"Fresh/Chilled Orange Juice, eg. Tropicana",http://www.sainsburys.co.uk/shop/gb/groceries/drinks/drinks-chilled-fruit-juice,fresh orange juice ,0.0,VITA COCO 100% PURE COCONUT WATER 330ML,£1.85/unit,1.85,£0.56 / 100ml,0.56,100,ml,5.6,l,,
2015-11-04 09:44:27.632770,SAINSBURY,212017,Fizzy bottled drink,http://www.sainsburys.co.uk/shop/gb/groceries/drinks/fruit-flavoured,bottle,0.0,"VIMTO FIZZY, NO ADDED SUGAR 2L",£1.70/unit,1.7,£0.09 / 100ml,0.09,100,ml,0.9,l,,
2015-11-04 09:44:27.635163,SAINSBURY,212017,Fizzy bottled drink,http://www.sainsburys.co.uk/shop/gb/groceries/drinks/fruit-flavoured,bottle,0.0,VIMTO SPARKLING FRUIT FLAVOUR DRINK 2L,£1.70/unit,1.7,£0.09 / 100ml,0.09,100,ml,0.9,l,,
2015-11-04 09:44:27.675364,SAINSBURY,310421,"Red Wine, European, bottle",http://www.sainsburys.co.uk/shop/gb/groceries/drinks/red-wine,red wine ,0.0,PALASTRI PRIMITIVO 75CL,£6.50/unit,6.5,£6.50 / 75cl,6.5,75,cl,8.6667,l,"Buy any 2 for £10.00,PLUS Buy any 6 or more save 25%","Buy any 2 for £10.00,PLUS Buy any 6 or more save 25%"
2015-11-04 09:44:27.681741,SAINSBURY,310421,"Red Wine, European, bottle",http://www.sainsburys.co.uk/shop/gb/groceries/drinks/red-wine,red wine ,1.0,PALWIN NO.10 MENORAH RED KOSHER WINE 75CL,£7.00/unit,7.0,£7.00 / 75cl,7.0,75,cl,9.3333,l,Buy any 6 or more save 25%,Buy any 6 or more save 25%
2015-11-04 09:44:27.688170,SAINSBURY,310421,"Red Wine, European, bottle",http://www.sainsburys.co.uk/shop/gb/groceries/drinks/red-wine,red wine ,0.0,PASICO OLD VINE MONASTRELL SHIRAZ 75CL,£6.50/unit,6.5,£6.50 / 75cl,6.5,75,cl,8.6667,l,Buy any 6 or more save 25%,Buy any 6 or more save 25%
2015-11-04 09:44:27.694305,SAINSBURY,310421,"Red Wine, European, bottle",http://www.sainsburys.co.uk/shop/gb/groceries/drinks/red-wine,red wine ,0.0,PERRIN & FILS CHATEAUNEUF-DU-PAPE 75CL,£22.00/unit,22.0,£22.00 / 75cl,22.0,75,cl,29.3333,l,Buy any 6 or more save 25%,Buy any 6 or more save 25%
2015-11-04 09:44:27.700061,SAINSBURY,310421,"Red Wine, European, bottle",http://www.sainsburys.co.uk/shop/gb/groceries/drinks/red-wine,red wine ,0.0,PICCINI CHIANTI 75CL,£6.00/unit,6.0,£6.00 / 75cl,6.0,75,cl,8.0,l,Buy any 6 or more save 25%,Buy any 6 or more save 25%
2015-11-04 09:44:27.705757,SAINSBURY,310421,"Red Wine, European, bottle",http://www.sainsburys.co.uk/shop/gb/groceries/drinks/red-wine,red wine ,0.0,PORCUPINE RIDGE SHIRAZ 75CL,£6.00/unit,6.0,£6.00 / 75cl,6.0,75,cl,8.0,l,"Only £6.00: Save £2.00,PLUS Buy any 6 or more save 25%","Only £6.00: Save £2.00,PLUS Buy any 6 or more save 25%"
2015-11-04 09:44:27.711475,SAINSBURY,310421,"Red Wine, European, bottle",http://www.sainsburys.co.uk/shop/gb/groceries/drinks/red-wine,red wine ,0.0,PRESTIGE DE CALVET BORDEAUX 75CL,£8.00/unit,8.0,£8.00 / 75cl,8.0,75,cl,10.6667,l,Buy any 6 or more save 25%,Buy any 6 or more save 25%
2015-11-04 09:44:27.716717,SAINSBURY,310421,"Red Wine, European, bottle",http://www.sainsburys.co.uk/shop/gb/groceries/drinks/red-wine,red wine ,0.0,REAL COMPANIA TEMPRANILLO 75CL,£6.50/unit,6.5,£6.50 / 75cl,6.5,75,cl,8.6667,l,Buy any 6 or more save 25%,Buy any 6 or more save 25%
2015-11-04 09:44:27.722218,SAINSBURY,310421,"Red Wine, European, bottle",http://www.sainsburys.co.uk/shop/gb/groceries/drinks/red-wine,red wine ,0.0,RESERVE DE BONPAS COTES DU RHONE 75CL,£8.00/unit,8.0,£8.00 / 75cl,8.0,75,cl,10.6667,l,"Buy any 2 for £12.00,PLUS Buy any 6 or more save 25%","Buy any 2 for £12.00,PLUS Buy any 6 or more save 25%"
2015-11-04 09:44:27.727440,SAINSBURY,310421,"Red Wine, European, bottle",http://www.sainsburys.co.uk/shop/gb/groceries/drinks/red-wine,red wine ,0.0,ROC DE CHEVALIER BORDEAUX SUPERIOR 75CL,£5.50/unit,5.5,£5.50 / 75cl,5.5,75,cl,7.3333,l,"Only £5.50: Save £2.50,PLUS Buy any 6 or more save 25%","Only £5.50: Save £2.50,PLUS Buy any 6 or more save 25%"
2015-11-04 09:44:27.732422,SAINSBURY,310421,"Red Wine, European, bottle",http://www.sainsburys.co.uk/shop/gb/groceries/drinks/red-wine,red wine ,0.0,"ROC DE LUSSAC, LUSSAC ST EMILION 75CL",£7.00/unit,7.0,£7.00 / 75cl,7.0,75,cl,9.3333,l,"Only £7.00: Save £3.00,PLUS Buy any 6 or more save 25%","Only £7.00: Save £3.00,PLUS Buy any 6 or more save 25%"
2015-11-04 09:44:27.737295,SAINSBURY,310421,"Red Wine, European, bottle",http://www.sainsburys.co.uk/shop/gb/groceries/drinks/red-wine,red wine ,0.0,ROCCA GUICCIARDA CHIANTI CLASSICO RISERVA 75CL,£18.00/unit,18.0,£18.00 / 75cl,18.0,75,cl,24.0,l,Buy any 6 or more save 25%,Buy any 6 or more save 25%
2015-11-04 09:44:27.741769,SAINSBURY,310421,"Red Wine, European, bottle",http://www.sainsburys.co.uk/shop/gb/groceries/drinks/red-wine,red wine ,0.0,RODA RIOJA RESERVA 75CL,£25.00/unit,25.0,£25.00 / 75cl,25.0,75,cl,33.3333,l,Buy any 6 or more save 25%,Buy any 6 or more save 25%
2015-11-04 09:44:27.754714,SAINSBURY,310421,"Red Wine, European, bottle",http://www.sainsburys.co.uk/shop/gb/groceries/drinks/red-wine,red wine ,0.0,"SAINSBURY'S AGLIANICO DEL VULTURE, TASTE THE DIFFERENCE 75CL",£8.00/unit,8.0,£8.00 / 75cl,8.0,75,cl,10.6667,l,Buy any 6 or more save 25%,Buy any 6 or more save 25%
2015-11-04 09:44:27.759047,SAINSBURY,310421,"Red Wine, European, bottle",http://www.sainsburys.co.uk/shop/gb/groceries/drinks/red-wine,red wine ,1.0,SAINSBURY'S ALCOHOL FREE RED WINE 75CL,£2.50/unit,2.5,£2.50 / 75cl,2.5,75,cl,3.3333,l,Buy any 6 or more save 25%,Buy any 6 or more save 25%
2015-11-04 09:44:27.763183,SAINSBURY,310421,"Red Wine, European, bottle",http://www.sainsburys.co.uk/shop/gb/groceries/drinks/red-wine,red wine ,0.0,"SAINSBURY'S AMARONE, TASTE THE DIFFERENCE 75CL",£14.00/unit,14.0,£14.00 / 75cl,14.0,75,cl,18.6667,l,"Only £14.00: Save £2.00,PLUS Buy any 6 or more save 25%","Only £14.00: Save £2.00,PLUS Buy any 6 or more save 25%"
2015-11-04 09:44:27.768404,SAINSBURY,310421,"Red Wine, European, bottle",http://www.sainsburys.co.uk/shop/gb/groceries/drinks/red-wine,red wine ,0.0,"SAINSBURY'S BARBARESCO, TASTE THE DIFFERENCE 75CL",£10.00/unit,10.0,£10.00 / 75cl,10.0,75,cl,13.3333,l,Buy any 6 or more save 25%,Buy any 6 or more save 25%
2015-11-04 09:44:27.772414,SAINSBURY,310421,"Red Wine, European, bottle",http://www.sainsburys.co.uk/shop/gb/groceries/drinks/red-wine,red wine ,0.0,"SAINSBURY'S BARBERA D'ASTI, TASTE THE DIFFERENCE 75CL",£6.00/unit,6.0,£6.00 / 75cl,6.0,75,cl,8.0,l,"Only £6.00: Save £2.00,PLUS Buy any 6 or more save 25%","Only £6.00: Save £2.00,PLUS Buy any 6 or more save 25%"
2015-11-04 09:44:27.776288,SAINSBURY,310421,"Red Wine, European, bottle",http://www.sainsburys.co.uk/shop/gb/groceries/drinks/red-wine,red wine ,0.0,"SAINSBURY'S BAROLO, TASTE THE DIFFERENCE 75CL",£16.00/unit,16.0,£16.00 / 75cl,16.0,75,cl,21.3333,l,Buy any 6 or more save 25%,Buy any 6 or more save 25%
2015-11-04 09:44:27.799590,SAINSBURY,310421,"Red Wine, European, bottle",http://www.sainsburys.co.uk/shop/gb/groceries/drinks/red-wine,red wine ,0.0,"SAINSBURY'S BEAUJOLAIS VILLAGES, TASTE THE DIFFERENCE 75CL",£7.00/unit,7.0,£7.00 / 75cl,7.0,75,cl,9.3333,l,Buy any 6 or more save 25%,Buy any 6 or more save 25%
2015-11-04 09:44:27.805381,SAINSBURY,310421,"Red Wine, European, bottle",http://www.sainsburys.co.uk/shop/gb/groceries/drinks/red-wine,red wine ,0.0,"SAINSBURY'S CABERNET SAUVIGNON MERLOT, TASTE THE DIFFERENCE 75CL",£6.50/unit,6.5,£6.50 / 75cl,6.5,75,cl,8.6667,l,"Only £6.50: Save £1.50,PLUS Buy any 6 or more save 25%","Only £6.50: Save £1.50,PLUS Buy any 6 or more save 25%"
2015-11-04 09:44:27.817361,SAINSBURY,310419,"White Wine, European, bottle",http://www.sainsburys.co.uk/shop/gb/groceries/drinks/white-wine,white wine,0.0,"SAINSBURY'S BOURGOGNE ALIGOTE, TASTE THE DIFFERENCE 75CL",£8.00/unit,8.0,£8.00 / 75cl,8.0,75,cl,10.6667,l,Buy any 6 or more save 25%,Buy any 6 or more save 25%
2015-11-04 09:44:27.823650,SAINSBURY,310421,"Red Wine, European, bottle",http://www.sainsburys.co.uk/shop/gb/groceries/drinks/red-wine,red wine ,0.0,"SAINSBURY'S CABERNET SAUVIGNON, SO ORGANIC 75CL",£6.00/unit,6.0,£6.00 / 75cl,6.0,75,cl,8.0,l,Buy any 6 or more save 25%,Buy any 6 or more save 25%
2015-11-04 09:44:27.829391,SAINSBURY,310421,"Red Wine, European, bottle",http://www.sainsburys.co.uk/shop/gb/groceries/drinks/red-wine,red wine ,0.0,"SAINSBURY'S CHATEAU TANUNDA BAROSSA RED, TASTE THE DIFFERENCE 75CL",£10.00/unit,10.0,£10.00 / 75cl,10.0,75,cl,13.3333,l,Buy any 6 or more save 25%,Buy any 6 or more save 25%
2015-11-04 09:44:27.839657,SAINSBURY,310419,"White Wine, European, bottle",http://www.sainsburys.co.uk/shop/gb/groceries/drinks/white-wine,white wine,0.0,"SAINSBURY'S CHABLIS, TASTE THE DIFFERENCE 75CL",£10.00/unit,10.0,£10.00 / 75cl,10.0,75,cl,13.3333,l,Buy any 6 or more save 25%,Buy any 6 or more save 25%
2015-11-04 09:44:27.845463,SAINSBURY,310421,"Red Wine, European, bottle",http://www.sainsburys.co.uk/shop/gb/groceries/drinks/red-wine,red wine ,0.0,"SAINSBURY'S CHILEAN MERLOT, TASTE THE DIFFERENCE 75CL",£6.00/unit,6.0,£6.00 / 75cl,6.0,75,cl,8.0,l,"Only £6.00: Save £2.00,PLUS Buy any 6 or more save 25%","Only £6.00: Save £2.00,PLUS Buy any 6 or more save 25%"
2015-11-04 09:44:27.851185,SAINSBURY,310421,"Red Wine, European, bottle",http://www.sainsburys.co.uk/shop/gb/groceries/drinks/red-wine,red wine ,0.0,"SAINSBURY'S CHILEAN PINOT NOIR, TASTE THE DIFFERENCE 75CL",£7.00/unit,7.0,£7.00 / 75cl,7.0,75,cl,9.3333,l,"Only £7.00: Save £1.00,PLUS Buy any 6 or more save 25%","Only £7.00: Save £1.00,PLUS Buy any 6 or more save 25%"
2015-11-04 09:44:27.860659,SAINSBURY,310419,"White Wine, European, bottle",http://www.sainsburys.co.uk/shop/gb/groceries/drinks/white-wine,white wine,0.0,"SAINSBURY'S CHENIN BLANC, TASTE THE DIFFERENCE",£6.00/unit,6.0,£6.00 / 75cl,6.0,75,cl,8.0,l,"Only £6.00: Save £2.00,PLUS Buy any 6 or more save 25%","Only £6.00: Save £2.00,PLUS Buy any 6 or more save 25%"
2015-11-04 09:44:27.866913,SAINSBURY,310421,"Red Wine, European, bottle",http://www.sainsburys.co.uk/shop/gb/groceries/drinks/red-wine,red wine ,0.0,"SAINSBURY'S CHÂTEAUNEUF DU PAPE, TASTE THE DIFFERENCE 75CL",£14.00/unit,14.0,£14.00 / 75cl,14.0,75,cl,18.6667,l,Buy any 6 or more save 25%,Buy any 6 or more save 25%
2015-11-04 09:44:27.872068,SAINSBURY,310421,"Red Wine, European, bottle",http://www.sainsburys.co.uk/shop/gb/groceries/drinks/red-wine,red wine ,0.0,"SAINSBURY'S CROZES HERMITAGE, TASTE THE DIFFERENCE 75CL",£10.00/unit,10.0,£10.00 / 75cl,10.0,75,cl,13.3333,l,Buy any 6 or more save 25%,Buy any 6 or more save 25%
2015-11-04 09:44:27.880832,SAINSBURY,310419,"White Wine, European, bottle",http://www.sainsburys.co.uk/shop/gb/groceries/drinks/white-wine,white wine,0.0,"SAINSBURY'S CHILEAN CHARDONNAY, TASTE THE DIFFERENCE 75CL",£6.50/unit,6.5,£6.50 / 75cl,6.5,75,cl,8.6667,l,"Only £6.50: Save £1.50,PLUS Buy any 6 or more save 25%","Only £6.50: Save £1.50,PLUS Buy any 6 or more save 25%"
2015-11-04 09:44:27.887058,SAINSBURY,310419,"White Wine, European, bottle",http://www.sainsburys.co.uk/shop/gb/groceries/drinks/white-wine,white wine,0.0,SAINSBURY'S CHILEAN SAUVIGNON BLANC 75CL,£5.00/unit,5.0,£5.00 / 75cl,5.0,75,cl,6.6667,l,Buy any 6 or more save 25%,Buy any 6 or more save 25%
2015-11-04 09:44:27.891961,SAINSBURY,310421,"Red Wine, European, bottle",http://www.sainsburys.co.uk/shop/gb/groceries/drinks/red-wine,red wine ,0.0,"SAINSBURY'S CÔTES DU RHÔNE VILLAGES, TASTE THE DIFFERENCE 75CL",£7.00/unit,7.0,£7.00 / 75cl,7.0,75,cl,9.3333,l,Buy any 6 or more save 25%,Buy any 6 or more save 25%
2015-11-04 09:44:27.904130,SAINSBURY,310419,"White Wine, European, bottle",http://www.sainsburys.co.uk/shop/gb/groceries/drinks/white-wine,white wine,0.0,"SAINSBURY'S CHILEAN SAUVIGNON BLANC, TASTE THE DIFFERENCE 75CL",£8.00/unit,8.0,£8.00 / 75cl,8.0,75,cl,10.6667,l,Buy any 6 or more save 25%,Buy any 6 or more save 25%
2015-11-04 09:44:27.912453,SAINSBURY,310419,"White Wine, European, bottle",http://www.sainsburys.co.uk/shop/gb/groceries/drinks/white-wine,white wine,0.0,"SAINSBURY'S COOLWATER MARLBOROUGH SAUVIGNON, TASTE THE DIFFERENCE 75CL",£8.00/unit,8.0,£8.00 / 75cl,8.0,75,cl,10.6667,l,Buy any 6 or more save 25%,Buy any 6 or more save 25%
2015-11-04 09:44:27.926216,SAINSBURY,310419,"White Wine, European, bottle",http://www.sainsburys.co.uk/shop/gb/groceries/drinks/white-wine,white wine,0.0,SAINSBURY'S FRASCATI SUPERIORE SECCO 75CL,£5.00/unit,5.0,£5.00 / 75cl,5.0,75,cl,6.6667,l,Buy any 6 or more save 25%,Buy any 6 or more save 25%
2015-11-04 09:44:27.933246,SAINSBURY,310419,"White Wine, European, bottle",http://www.sainsburys.co.uk/shop/gb/groceries/drinks/white-wine,white wine,0.0,"SAINSBURY'S GAVI, TASTE THE DIFFERENCE 75CL",£8.00/unit,8.0,£8.00 / 75cl,8.0,75,cl,10.6667,l,Buy any 6 or more save 25%,Buy any 6 or more save 25%
2015-11-04 09:44:27.938572,SAINSBURY,310419,"White Wine, European, bottle",http://www.sainsburys.co.uk/shop/gb/groceries/drinks/white-wine,white wine,0.0,"SAINSBURY'S GRECO DI TUFO, TASTE THE DIFFERENCE 75CL",£8.00/unit,8.0,£8.00 / 75cl,8.0,75,cl,10.6667,l,"Only £8.00: Save £2.00,PLUS Buy any 6 or more save 25%","Only £8.00: Save £2.00,PLUS Buy any 6 or more save 25%"
2015-11-04 09:44:27.944934,SAINSBURY,310419,"White Wine, European, bottle",http://www.sainsburys.co.uk/shop/gb/groceries/drinks/white-wine,white wine,0.0,"SAINSBURY'S GRÜNER VELTLINER, TASTE THE DIFFERENCE 75CL",£8.00/unit,8.0,£8.00 / 75cl,8.0,75,cl,10.6667,l,Buy any 6 or more save 25%,Buy any 6 or more save 25%
2015-11-04 09:44:27.950168,SAINSBURY,310419,"White Wine, European, bottle",http://www.sainsburys.co.uk/shop/gb/groceries/drinks/white-wine,white wine,0.0,SAINSBURY'S HOUSE CHARDONNAY 18.7CL,£1.65/unit,1.65,£6.62 / 75cl,6.62,75,cl,8.8267,l,Buy any 6 or more save 25%,Buy any 6 or more save 25%
2015-11-04 09:44:27.957211,SAINSBURY,310419,"White Wine, European, bottle",http://www.sainsburys.co.uk/shop/gb/groceries/drinks/white-wine,white wine,0.0,SAINSBURY'S HOUSE CHARDONNAY 2.25L,£12.50/unit,12.5,£4.17 / 75cl,4.17,75,cl,5.56,l,Buy any 6 or more save 25%,Buy any 6 or more save 25%
2015-11-04 09:44:27.962276,SAINSBURY,310419,"White Wine, European, bottle",http://www.sainsburys.co.uk/shop/gb/groceries/drinks/white-wine,white wine,0.0,SAINSBURY'S HOUSE CHARDONNAY 75CL,£4.50/unit,4.5,£4.50 / 75cl,4.5,75,cl,6.0,l,Buy any 6 or more save 25%,Buy any 6 or more save 25%
2015-11-04 09:44:27.967880,SAINSBURY,310419,"White Wine, European, bottle",http://www.sainsburys.co.uk/shop/gb/groceries/drinks/white-wine,white wine,0.0,SAINSBURY'S HOUSE CHENIN BLANC 75CL,£4.50/unit,4.5,£4.50 / 75cl,4.5,75,cl,6.0,l,Buy any 6 or more save 25%,Buy any 6 or more save 25%
2015-11-04 09:44:27.972112,SAINSBURY,310419,"White Wine, European, bottle",http://www.sainsburys.co.uk/shop/gb/groceries/drinks/white-wine,white wine,0.5,SAINSBURY'S HOUSE DESSERT WINE 37.5CL,£4.00/unit,4.0,£8.00 / 75cl,8.0,75,cl,10.6667,l,Buy any 6 or more save 25%,Buy any 6 or more save 25%
2015-11-04 09:44:27.978025,SAINSBURY,310419,"White Wine, European, bottle",http://www.sainsburys.co.uk/shop/gb/groceries/drinks/white-wine,white wine,0.5,SAINSBURY'S HOUSE DRY WHITE 2.25L,£11.50/unit,11.5,£3.83 / 75cl,3.83,75,cl,5.1067,l,Buy any 6 or more save 25%,Buy any 6 or more save 25%
2015-11-04 09:44:27.982719,SAINSBURY,310419,"White Wine, European, bottle",http://www.sainsburys.co.uk/shop/gb/groceries/drinks/white-wine,white wine,0.5,SAINSBURY'S HOUSE DRY WHITE 75CL,£4.00/unit,4.0,£4.00 / 75cl,4.0,75,cl,5.3333,l,Buy any 6 or more save 25%,Buy any 6 or more save 25%
2015-11-04 09:44:27.986399,SAINSBURY,310419,"White Wine, European, bottle",http://www.sainsburys.co.uk/shop/gb/groceries/drinks/white-wine,white wine,0.0,SAINSBURY'S HOUSE HOCK 150CL,£7.75/unit,7.75,£3.88 / 75cl,3.88,75,cl,5.1733,l,Buy any 6 or more save 25%,Buy any 6 or more save 25%
2015-11-04 09:44:27.990917,SAINSBURY,310419,"White Wine, European, bottle",http://www.sainsburys.co.uk/shop/gb/groceries/drinks/white-wine,white wine,0.0,SAINSBURY'S HOUSE HOCK 2.25L,£11.50/unit,11.5,£3.83 / 75cl,3.83,75,cl,5.1067,l,Buy any 6 or more save 25%,Buy any 6 or more save 25%
2015-11-04 09:44:27.995604,SAINSBURY,310419,"White Wine, European, bottle",http://www.sainsburys.co.uk/shop/gb/groceries/drinks/white-wine,white wine,0.0,SAINSBURY'S HOUSE HOCK 75CL,£4.00/unit,4.0,£4.00 / 75cl,4.0,75,cl,5.3333,l,Buy any 6 or more save 25%,Buy any 6 or more save 25%
2015-11-04 09:44:27.999177,SAINSBURY,310419,"White Wine, European, bottle",http://www.sainsburys.co.uk/shop/gb/groceries/drinks/white-wine,white wine,0.5,SAINSBURY'S HOUSE MEDIUM WHITE 75CL,£4.00/unit,4.0,£4.00 / 75cl,4.0,75,cl,5.3333,l,Buy any 6 or more save 25%,Buy any 6 or more save 25%
2015-11-04 09:44:28.002243,SAINSBURY,310419,"White Wine, European, bottle",http://www.sainsburys.co.uk/shop/gb/groceries/drinks/white-wine,white wine,0.0,SAINSBURY'S HOUSE MUSCADET 75CL,£4.50/unit,4.5,£4.50 / 75cl,4.5,75,cl,6.0,l,Buy any 6 or more save 25%,Buy any 6 or more save 25%
2015-11-04 09:44:28.007722,SAINSBURY,310419,"White Wine, European, bottle",http://www.sainsburys.co.uk/shop/gb/groceries/drinks/white-wine,white wine,0.0,SAINSBURY'S HOUSE PINOT GRIGIO 150CL,£8.50/unit,8.5,£4.25 / 75cl,4.25,75,cl,5.6667,l,Buy any 6 or more save 25%,Buy any 6 or more save 25%
2015-11-04 09:44:28.011449,SAINSBURY,310419,"White Wine, European, bottle",http://www.sainsburys.co.uk/shop/gb/groceries/drinks/white-wine,white wine,0.0,SAINSBURY'S HOUSE PINOT GRIGIO 18.7CL,£1.65/unit,1.65,£6.62 / 75cl,6.62,75,cl,8.8267,l,Buy any 6 or more save 25%,Buy any 6 or more save 25%
2015-11-04 09:44:28.014349,SAINSBURY,310419,"White Wine, European, bottle",http://www.sainsburys.co.uk/shop/gb/groceries/drinks/white-wine,white wine,0.0,SAINSBURY'S HOUSE PINOT GRIGIO 2.25L,£12.50/unit,12.5,£4.17 / 75cl,4.17,75,cl,5.56,l,Buy any 6 or more save 25%,Buy any 6 or more save 25%
2015-11-04 09:44:28.017064,SAINSBURY,310419,"White Wine, European, bottle",http://www.sainsburys.co.uk/shop/gb/groceries/drinks/white-wine,white wine,0.0,SAINSBURY'S HOUSE PINOT GRIGIO 75CL,£4.50/unit,4.5,£4.50 / 75cl,4.5,75,cl,6.0,l,Buy any 6 or more save 25%,Buy any 6 or more save 25%
2015-11-04 09:44:28.019530,SAINSBURY,310419,"White Wine, European, bottle",http://www.sainsburys.co.uk/shop/gb/groceries/drinks/white-wine,white wine,0.0,SAINSBURY'S HOUSE SAUVIGNON BLANC 18.7CL,£1.65/unit,1.65,£6.62 / 75cl,6.62,75,cl,8.8267,l,Buy any 6 or more save 25%,Buy any 6 or more save 25%
2015-11-04 09:44:28.413106,SAINSBURY,310421,"Red Wine, European, bottle",http://www.sainsburys.co.uk/shop/gb/groceries/drinks/red-wine,red wine ,0.0,"SAINSBURY'S FAIRTRADE CARMÉNÈRE, TASTE THE DIFFERENCE 75CL",£6.50/unit,6.5,£6.50 / 75cl,6.5,75,cl,8.6667,l,"Only £6.50: Save £1.50,PLUS Buy any 6 or more save 25%","Only £6.50: Save £1.50,PLUS Buy any 6 or more save 25%"
2015-11-04 09:44:28.419056,SAINSBURY,310421,"Red Wine, European, bottle",http://www.sainsburys.co.uk/shop/gb/groceries/drinks/red-wine,red wine ,0.0,"SAINSBURY'S FAIRTRADE PINOTAGE, TASTE THE DIFFERENCE 75CL",£8.00/unit,8.0,£8.00 / 75cl,8.0,75,cl,10.6667,l,Buy any 6 or more save 25%,Buy any 6 or more save 25%
2015-11-04 09:44:28.425044,SAINSBURY,310421,"Red Wine, European, bottle",http://www.sainsburys.co.uk/shop/gb/groceries/drinks/red-wine,red wine ,0.0,"SAINSBURY'S GIGONDAS, TASTE THE DIFFERENCE 75CL",£13.00/unit,13.0,£13.00 / 75cl,13.0,75,cl,17.3333,l,Buy any 6 or more save 25%,Buy any 6 or more save 25%
2015-11-04 09:44:28.430572,SAINSBURY,310421,"Red Wine, European, bottle",http://www.sainsburys.co.uk/shop/gb/groceries/drinks/red-wine,red wine ,0.0,SAINSBURY'S HOUSE BEAUJOLAIS 75CL,£4.50/unit,4.5,£4.50 / 75cl,4.5,75,cl,6.0,l,Buy any 6 or more save 25%,Buy any 6 or more save 25%
2015-11-04 09:44:28.436070,SAINSBURY,310421,"Red Wine, European, bottle",http://www.sainsburys.co.uk/shop/gb/groceries/drinks/red-wine,red wine ,0.0,SAINSBURY'S HOUSE CABERNET SAUVIGNON 2.25L,£12.50/unit,12.5,£4.17 / 75cl,4.17,75,cl,5.56,l,Buy any 6 or more save 25%,Buy any 6 or more save 25%
2015-11-04 09:44:28.441304,SAINSBURY,310421,"Red Wine, European, bottle",http://www.sainsburys.co.uk/shop/gb/groceries/drinks/red-wine,red wine ,0.0,SAINSBURY'S HOUSE CABERNET SAUVIGNON 75CL,£4.50/unit,4.5,£4.50 / 75cl,4.5,75,cl,6.0,l,Buy any 6 or more save 25%,Buy any 6 or more save 25%
2015-11-04 09:44:28.446510,SAINSBURY,310421,"Red Wine, European, bottle",http://www.sainsburys.co.uk/shop/gb/groceries/drinks/red-wine,red wine ,0.0,SAINSBURY'S HOUSE CLARET 75CL,£4.50/unit,4.5,£4.50 / 75cl,4.5,75,cl,6.0,l,Buy any 6 or more save 25%,Buy any 6 or more save 25%
2015-11-04 09:44:28.451560,SAINSBURY,310421,"Red Wine, European, bottle",http://www.sainsburys.co.uk/shop/gb/groceries/drinks/red-wine,red wine ,0.0,SAINSBURY'S HOUSE CÔTES DU RHÔNE 187ML,£1.65/unit,1.65,£6.62 / 75cl,6.62,75,cl,8.8267,l,Buy any 6 or more save 25%,Buy any 6 or more save 25%
2015-11-04 09:44:28.456527,SAINSBURY,310421,"Red Wine, European, bottle",http://www.sainsburys.co.uk/shop/gb/groceries/drinks/red-wine,red wine ,0.0,SAINSBURY'S HOUSE CÔTES DU RHÔNE 75CL,£4.50/unit,4.5,£4.50 / 75cl,4.5,75,cl,6.0,l,Buy any 6 or more save 25%,Buy any 6 or more save 25%
2015-11-04 09:44:28.461315,SAINSBURY,310421,"Red Wine, European, bottle",http://www.sainsburys.co.uk/shop/gb/groceries/drinks/red-wine,red wine ,0.5,SAINSBURY'S HOUSE DRY RED 2.25L,£11.50/unit,11.5,£3.83 / 75cl,3.83,75,cl,5.1067,l,Buy any 6 or more save 25%,Buy any 6 or more save 25%
2015-11-04 09:44:28.465923,SAINSBURY,310421,"Red Wine, European, bottle",http://www.sainsburys.co.uk/shop/gb/groceries/drinks/red-wine,red wine ,0.0,SAINSBURY'S HOUSE MERLOT 150CL,£8.50/unit,8.5,£4.25 / 75cl,4.25,75,cl,5.6667,l,Buy any 6 or more save 25%,Buy any 6 or more save 25%
2015-11-04 09:44:28.470500,SAINSBURY,310421,"Red Wine, European, bottle",http://www.sainsburys.co.uk/shop/gb/groceries/drinks/red-wine,red wine ,0.0,SAINSBURY'S HOUSE MERLOT 187ML,£1.65/unit,1.65,£6.62 / 75cl,6.62,75,cl,8.8267,l,Buy any 6 or more save 25%,Buy any 6 or more save 25%
2015-11-04 09:44:28.474877,SAINSBURY,310421,"Red Wine, European, bottle",http://www.sainsburys.co.uk/shop/gb/groceries/drinks/red-wine,red wine ,0.0,SAINSBURY'S HOUSE MERLOT 2.25L,£12.50/unit,12.5,£4.17 / 75cl,4.17,75,cl,5.56,l,Buy any 6 or more save 25%,Buy any 6 or more save 25%
2015-11-04 09:44:28.479170,SAINSBURY,310421,"Red Wine, European, bottle",http://www.sainsburys.co.uk/shop/gb/groceries/drinks/red-wine,red wine ,0.0,SAINSBURY'S HOUSE MERLOT 75CL,£4.50/unit,4.5,£4.50 / 75cl,4.5,75,cl,6.0,l,Buy any 6 or more save 25%,Buy any 6 or more save 25%
2015-11-04 09:44:28.483322,SAINSBURY,310421,"Red Wine, European, bottle",http://www.sainsburys.co.uk/shop/gb/groceries/drinks/red-wine,red wine ,0.0,SAINSBURY'S HOUSE MONTEPULCIANO 2.25L,£12.50/unit,12.5,£4.17 / 75cl,4.17,75,cl,5.56,l,Buy any 6 or more save 25%,Buy any 6 or more save 25%
2015-11-04 09:44:28.487376,SAINSBURY,310421,"Red Wine, European, bottle",http://www.sainsburys.co.uk/shop/gb/groceries/drinks/red-wine,red wine ,0.0,SAINSBURY'S HOUSE MONTEPULCIANO 75CL,£4.50/unit,4.5,£4.50 / 75cl,4.5,75,cl,6.0,l,Buy any 6 or more save 25%,Buy any 6 or more save 25%
2015-11-04 09:44:28.491257,SAINSBURY,310421,"Red Wine, European, bottle",http://www.sainsburys.co.uk/shop/gb/groceries/drinks/red-wine,red wine ,0.0,SAINSBURY'S HOUSE PINOT NOIR 75CL,£4.50/unit,4.5,£4.50 / 75cl,4.5,75,cl,6.0,l,Buy any 6 or more save 25%,Buy any 6 or more save 25%
2015-11-04 09:44:28.495092,SAINSBURY,310421,"Red Wine, European, bottle",http://www.sainsburys.co.uk/shop/gb/groceries/drinks/red-wine,red wine ,0.5,SAINSBURY'S HOUSE RED 150CL,£7.50/unit,7.5,£3.75 / 75cl,3.75,75,cl,5.0,l,Buy any 6 or more save 25%,Buy any 6 or more save 25%
2015-11-04 09:44:28.498714,SAINSBURY,310421,"Red Wine, European, bottle",http://www.sainsburys.co.uk/shop/gb/groceries/drinks/red-wine,red wine ,0.5,SAINSBURY'S HOUSE RED 75CL,£4.00/unit,4.0,£4.00 / 75cl,4.0,75,cl,5.3333,l,Buy any 6 or more save 25%,Buy any 6 or more save 25%
2015-11-04 09:44:28.502220,SAINSBURY,310421,"Red Wine, European, bottle",http://www.sainsburys.co.uk/shop/gb/groceries/drinks/red-wine,red wine ,0.0,SAINSBURY'S HOUSE SHIRAZ 18.7CL,£1.65/unit,1.65,£6.62 / 75cl,6.62,75,cl,8.8267,l,Buy any 6 or more save 25%,Buy any 6 or more save 25%
2015-11-04 09:44:28.505652,SAINSBURY,310421,"Red Wine, European, bottle",http://www.sainsburys.co.uk/shop/gb/groceries/drinks/red-wine,red wine ,0.0,SAINSBURY'S HOUSE SHIRAZ 2.25L,£12.50/unit,12.5,£4.17 / 75cl,4.17,75,cl,5.56,l,Buy any 6 or more save 25%,Buy any 6 or more save 25%
2015-11-04 09:44:28.508962,SAINSBURY,310421,"Red Wine, European, bottle",http://www.sainsburys.co.uk/shop/gb/groceries/drinks/red-wine,red wine ,0.0,SAINSBURY'S HOUSE SHIRAZ 75CL,£4.50/unit,4.5,£4.50 / 75cl,4.5,75,cl,6.0,l,Buy any 6 or more save 25%,Buy any 6 or more save 25%
2015-11-04 09:44:28.512095,SAINSBURY,310421,"Red Wine, European, bottle",http://www.sainsburys.co.uk/shop/gb/groceries/drinks/red-wine,red wine ,0.0,SAINSBURY'S HOUSE TEMPRANILLO 75CL,£4.50/unit,4.5,£4.50 / 75cl,4.5,75,cl,6.0,l,Buy any 6 or more save 25%,Buy any 6 or more save 25%
2015-11-04 09:44:28.515115,SAINSBURY,310421,"Red Wine, European, bottle",http://www.sainsburys.co.uk/shop/gb/groceries/drinks/red-wine,red wine ,0.0,SAINSBURY'S LAMBRUSCO ROSSO 75CL,£2.50/unit,2.5,£2.50 / 75cl,2.5,75,cl,3.3333,l,Buy any 6 or more save 25%,Buy any 6 or more save 25%
2015-11-04 09:44:28.518108,SAINSBURY,310421,"Red Wine, European, bottle",http://www.sainsburys.co.uk/shop/gb/groceries/drinks/red-wine,red wine ,0.0,"SAINSBURY'S LANGUEDOC RED, TASTE THE DIFFERENCE 75CL",£8.00/unit,8.0,£8.00 / 75cl,8.0,75,cl,10.6667,l,Buy any 6 or more save 25%,Buy any 6 or more save 25%
2015-11-04 09:44:28.520936,SAINSBURY,310421,"Red Wine, European, bottle",http://www.sainsburys.co.uk/shop/gb/groceries/drinks/red-wine,red wine ,0.0,"SAINSBURY'S MARZEMINO DELLE VENEZIE, TASTE THE DIFFERENCE 75CL",£7.00/unit,7.0,£7.00 / 75cl,7.0,75,cl,9.3333,l,Buy any 6 or more save 25%,Buy any 6 or more save 25%
2015-11-04 09:44:28.523572,SAINSBURY,310421,"Red Wine, European, bottle",http://www.sainsburys.co.uk/shop/gb/groceries/drinks/red-wine,red wine ,0.0,"SAINSBURY'S MORADOR MALBEC, TASTE THE DIFFERENCE 75CL",£8.00/unit,8.0,£8.00 / 75cl,8.0,75,cl,10.6667,l,"Buy any 2 for £14.00,PLUS Buy any 6 or more save 25%","Buy any 2 for £14.00,PLUS Buy any 6 or more save 25%"
2015-11-04 09:44:28.526112,SAINSBURY,310421,"Red Wine, European, bottle",http://www.sainsburys.co.uk/shop/gb/groceries/drinks/red-wine,red wine ,0.5,SAINSBURY'S MULLED WINE 75CL,£3.00/unit,3.0,£3.00 / 75cl,3.0,75,cl,4.0,l,"Only £3.00: Save £1.00,PLUS Buy any 6 or more save 25%","Only £3.00: Save £1.00,PLUS Buy any 6 or more save 25%"
2015-11-04 09:44:28.669202,SAINSBURY,310419,"White Wine, European, bottle",http://www.sainsburys.co.uk/shop/gb/groceries/drinks/white-wine,white wine,0.0,SAINSBURY'S HOUSE SOAVE 150CL,£7.75/unit,7.75,£3.88 / 75cl,3.88,75,cl,5.1733,l,Buy any 6 or more save 25%,Buy any 6 or more save 25%
2015-11-04 09:44:28.675245,SAINSBURY,310419,"White Wine, European, bottle",http://www.sainsburys.co.uk/shop/gb/groceries/drinks/white-wine,white wine,0.0,SAINSBURY'S HOUSE SOAVE 18.7CL,£1.65/unit,1.65,£6.62 / 75cl,6.62,75,cl,8.8267,l,Buy any 6 or more save 25%,Buy any 6 or more save 25%
2015-11-04 09:44:28.681048,SAINSBURY,310419,"White Wine, European, bottle",http://www.sainsburys.co.uk/shop/gb/groceries/drinks/white-wine,white wine,0.0,SAINSBURY'S HOUSE SOAVE 2.25L,£11.50/unit,11.5,£3.83 / 75cl,3.83,75,cl,5.1067,l,Buy any 6 or more save 25%,Buy any 6 or more save 25%
2015-11-04 09:44:28.686580,SAINSBURY,310419,"White Wine, European, bottle",http://www.sainsburys.co.uk/shop/gb/groceries/drinks/white-wine,white wine,0.0,SAINSBURY'S HOUSE SOAVE 75CL,£4.00/unit,4.0,£4.00 / 75cl,4.0,75,cl,5.3333,l,Buy any 6 or more save 25%,Buy any 6 or more save 25%
2015-11-04 09:44:28.692086,SAINSBURY,310419,"White Wine, European, bottle",http://www.sainsburys.co.uk/shop/gb/groceries/drinks/white-wine,white wine,0.5,SAINSBURY'S HOUSE SWEET WHITE 75CL,£4.00/unit,4.0,£4.00 / 75cl,4.0,75,cl,5.3333,l,Buy any 6 or more save 25%,Buy any 6 or more save 25%
2015-11-04 09:44:28.697349,SAINSBURY,310419,"White Wine, European, bottle",http://www.sainsburys.co.uk/shop/gb/groceries/drinks/white-wine,white wine,0.0,"SAINSBURY'S LAMBRUSCO, BIANCO 75CL",£2.50/unit,2.5,£2.50 / 75cl,2.5,75,cl,3.3333,l,Buy any 6 or more save 25%,Buy any 6 or more save 25%
2015-11-04 09:44:28.702527,SAINSBURY,310419,"White Wine, European, bottle",http://www.sainsburys.co.uk/shop/gb/groceries/drinks/white-wine,white wine,0.0,"SAINSBURY'S LAMBRUSCO, BIANCO, LIGHT, 3% 75CL",£2.50/unit,2.5,£2.50 / 75cl,2.5,75,cl,3.3333,l,Buy any 6 or more save 25%,Buy any 6 or more save 25%
2015-11-04 09:44:28.707617,SAINSBURY,310419,"White Wine, European, bottle",http://www.sainsburys.co.uk/shop/gb/groceries/drinks/white-wine,white wine,0.5,"SAINSBURY'S LANGUEDOC WHITE WINE, TASTE THE DIFFERENCE 75CL",£8.00/unit,8.0,£8.00 / 75cl,8.0,75,cl,10.6667,l,Buy any 6 or more save 25%,Buy any 6 or more save 25%
2015-11-04 09:44:28.712598,SAINSBURY,310419,"White Wine, European, bottle",http://www.sainsburys.co.uk/shop/gb/groceries/drinks/white-wine,white wine,0.0,SAINSBURY'S LIEBFRAUMILCH PFALZ 75CL,£4.50/unit,4.5,£4.50 / 75cl,4.5,75,cl,6.0,l,Buy any 6 or more save 25%,Buy any 6 or more save 25%
2015-11-04 09:44:28.717375,SAINSBURY,310419,"White Wine, European, bottle",http://www.sainsburys.co.uk/shop/gb/groceries/drinks/white-wine,white wine,0.0,"SAINSBURY'S LIMOUX CHARDONNAY, TASTE THE DIFFERENCE 75CL",£8.00/unit,8.0,£8.00 / 75cl,8.0,75,cl,10.6667,l,Buy any 6 or more save 25%,Buy any 6 or more save 25%
2015-11-04 09:44:28.722069,SAINSBURY,310419,"White Wine, European, bottle",http://www.sainsburys.co.uk/shop/gb/groceries/drinks/white-wine,white wine,0.0,"SAINSBURY'S MACON VILLAGES, TASTE THE DIFFERENCE 75CL",£8.00/unit,8.0,£8.00 / 75cl,8.0,75,cl,10.6667,l,Buy any 6 or more save 25%,Buy any 6 or more save 25%
2015-11-04 09:44:28.726672,SAINSBURY,310419,"White Wine, European, bottle",http://www.sainsburys.co.uk/shop/gb/groceries/drinks/white-wine,white wine,0.0,"SAINSBURY'S MOSCATEL DE VALENCIA, SPANISH 75CL",£5.00/unit,5.0,£5.00 / 75cl,5.0,75,cl,6.6667,l,Buy any 6 or more save 25%,Buy any 6 or more save 25%
2015-11-04 09:44:28.731127,SAINSBURY,310419,"White Wine, European, bottle",http://www.sainsburys.co.uk/shop/gb/groceries/drinks/white-wine,white wine,0.0,"SAINSBURY'S MUDGEE CHARDONNAY, TASTE THE DIFFERENCE 75CL",£7.00/unit,7.0,£7.00 / 75cl,7.0,75,cl,9.3333,l,"Only £7.00: Save £1.00,PLUS Buy any 6 or more save 25%","Only £7.00: Save £1.00,PLUS Buy any 6 or more save 25%"
2015-11-04 09:44:28.735553,SAINSBURY,310419,"White Wine, European, bottle",http://www.sainsburys.co.uk/shop/gb/groceries/drinks/white-wine,white wine,0.0,"SAINSBURY'S MUSCADET DE SEVRE ET MAINE, TASTE THE DIFFERENCE 75CL",£7.00/unit,7.0,£7.00 / 75cl,7.0,75,cl,9.3333,l,Buy any 6 or more save 25%,Buy any 6 or more save 25%
2015-11-04 09:44:28.739812,SAINSBURY,310419,"White Wine, European, bottle",http://www.sainsburys.co.uk/shop/gb/groceries/drinks/white-wine,white wine,0.0,SAINSBURY'S NIERSTEINER GUTES DOMTAL 75CL,£4.50/unit,4.5,£4.50 / 75cl,4.5,75,cl,6.0,l,Buy any 6 or more save 25%,Buy any 6 or more save 25%
2015-11-04 09:44:28.743903,SAINSBURY,310419,"White Wine, European, bottle",http://www.sainsburys.co.uk/shop/gb/groceries/drinks/white-wine,white wine,0.0,"SAINSBURY'S PECORINO, TASTE THE DIFFERENCE 75CL",£7.00/unit,7.0,£7.00 / 75cl,7.0,75,cl,9.3333,l,Buy any 6 or more save 25%,Buy any 6 or more save 25%
2015-11-04 09:44:28.747937,SAINSBURY,310419,"White Wine, European, bottle",http://www.sainsburys.co.uk/shop/gb/groceries/drinks/white-wine,white wine,0.0,"SAINSBURY'S PETIT CHABLIS, TASTE THE DIFFERENCE 75CL",£9.00/unit,9.0,£9.00 / 75cl,9.0,75,cl,12.0,l,Buy any 6 or more save 25%,Buy any 6 or more save 25%
2015-11-04 09:44:28.751865,SAINSBURY,310419,"White Wine, European, bottle",http://www.sainsburys.co.uk/shop/gb/groceries/drinks/white-wine,white wine,0.0,SAINSBURY'S PIESPORTER MICHELSBERG 75CL,£4.50/unit,4.5,£4.50 / 75cl,4.5,75,cl,6.0,l,Buy any 6 or more save 25%,Buy any 6 or more save 25%
2015-11-04 09:44:28.755676,SAINSBURY,310419,"White Wine, European, bottle",http://www.sainsburys.co.uk/shop/gb/groceries/drinks/white-wine,white wine,0.0,SAINSBURY'S PINOT GRIGIO SPRITZER 75CL,£3.50/unit,3.5,£3.50 / 75cl,3.5,75,cl,4.6667,l,Buy any 6 or more save 25%,Buy any 6 or more save 25%
2015-11-04 09:44:28.759200,SAINSBURY,310419,"White Wine, European, bottle",http://www.sainsburys.co.uk/shop/gb/groceries/drinks/white-wine,white wine,0.0,"SAINSBURY'S PINOT GRIGIO, SO ORGANIC 75CL",£6.00/unit,6.0,£6.00 / 75cl,6.0,75,cl,8.0,l,Buy any 6 or more save 25%,Buy any 6 or more save 25%
2015-11-04 09:44:28.762657,SAINSBURY,310419,"White Wine, European, bottle",http://www.sainsburys.co.uk/shop/gb/groceries/drinks/white-wine,white wine,0.0,"SAINSBURY'S PINOT GRIGIO, TASTE THE DIFFERENCE 75CL",£8.00/unit,8.0,£8.00 / 75cl,8.0,75,cl,10.6667,l,Buy any 6 or more save 25%,Buy any 6 or more save 25%
2015-11-04 09:44:28.765990,SAINSBURY,310419,"White Wine, European, bottle",http://www.sainsburys.co.uk/shop/gb/groceries/drinks/white-wine,white wine,0.0,SAINSBURY'S PORTUGUESE VINHO VERDE 75CL,£5.00/unit,5.0,£5.00 / 75cl,5.0,75,cl,6.6667,l,Buy any 6 or more save 25%,Buy any 6 or more save 25%
2015-11-04 09:44:28.769134,SAINSBURY,310419,"White Wine, European, bottle",http://www.sainsburys.co.uk/shop/gb/groceries/drinks/white-wine,white wine,0.0,"SAINSBURY'S RIOJA BLANCO, TASTE THE DIFFERENCE 75CL",£8.00/unit,8.0,£8.00 / 75cl,8.0,75,cl,10.6667,l,"Buy any 2 for £12.00,PLUS Buy any 6 or more save 25%","Buy any 2 for £12.00,PLUS Buy any 6 or more save 25%"
2015-11-04 09:44:28.772221,SAINSBURY,310419,"White Wine, European, bottle",http://www.sainsburys.co.uk/shop/gb/groceries/drinks/white-wine,white wine,0.0,"SAINSBURY'S RIVERBLOCK MARLBOROUGH SAUVIGNON, TASTE THE DIFFERENCE 75CL",£10.00/unit,10.0,£10.00 / 75cl,10.0,75,cl,13.3333,l,Buy any 6 or more save 25%,Buy any 6 or more save 25%
2015-11-04 09:44:28.775179,SAINSBURY,310419,"White Wine, European, bottle",http://www.sainsburys.co.uk/shop/gb/groceries/drinks/white-wine,white wine,0.0,"SAINSBURY'S SANCERRE, TASTE THE DIFFERENCE 75CL",£13.00/unit,13.0,£13.00 / 75cl,13.0,75,cl,17.3333,l,Buy any 6 or more save 25%,Buy any 6 or more save 25%
2015-11-04 09:44:28.777935,SAINSBURY,310419,"White Wine, European, bottle",http://www.sainsburys.co.uk/shop/gb/groceries/drinks/white-wine,white wine,0.0,"SAINSBURY'S SAUTERNES, TASTE THE DIFFERENCE 37.5CL",£12.00/unit,12.0,£24.00 / 75cl,24.0,75,cl,32.0,l,Buy any 6 or more save 25%,Buy any 6 or more save 25%
2015-11-04 09:44:28.780585,SAINSBURY,310419,"White Wine, European, bottle",http://www.sainsburys.co.uk/shop/gb/groceries/drinks/white-wine,white wine,0.0,"SAINSBURY'S SOAVE CLASSICO, TASTE THE DIFFERENCE 75CL",£7.00/unit,7.0,£7.00 / 75cl,7.0,75,cl,9.3333,l,Buy any 6 or more save 25%,Buy any 6 or more save 25%
2015-11-04 09:44:28.783021,SAINSBURY,310419,"White Wine, European, bottle",http://www.sainsburys.co.uk/shop/gb/groceries/drinks/white-wine,white wine,0.0,"SAINSBURY'S SOUTH AFRICAN SAUVIGNON BLANC, TASTE THE DIFFERENCE 75CL",£8.00/unit,8.0,£8.00 / 75cl,8.0,75,cl,10.6667,l,"Buy any 2 for £12.00,PLUS Buy any 6 or more save 25%","Buy any 2 for £12.00,PLUS Buy any 6 or more save 25%"
2015-11-04 09:44:29.208480,SAINSBURY,310421,"Red Wine, European, bottle",http://www.sainsburys.co.uk/shop/gb/groceries/drinks/red-wine,red wine ,0.0,"SAINSBURY'S PRIMITIVO DEL SALENTO, TASTE THE DIFFERENCE 18.7CL",£2.25/unit,2.25,£9.02 / 75cl,9.02,75,cl,12.0267,l,Buy any 6 or more save 25%,Buy any 6 or more save 25%
2015-11-04 09:44:29.214709,SAINSBURY,310421,"Red Wine, European, bottle",http://www.sainsburys.co.uk/shop/gb/groceries/drinks/red-wine,red wine ,0.0,"SAINSBURY'S PRIMITIVO, TASTE THE DIFFERENCE 75CL",£8.00/unit,8.0,£8.00 / 75cl,8.0,75,cl,10.6667,l,"Buy any 2 for £12.00,PLUS Buy any 6 or more save 25%","Buy any 2 for £12.00,PLUS Buy any 6 or more save 25%"
2015-11-04 09:44:29.220987,SAINSBURY,310421,"Red Wine, European, bottle",http://www.sainsburys.co.uk/shop/gb/groceries/drinks/red-wine,red wine ,0.0,"SAINSBURY'S PRIORAT, TASTE THE DIFFERENCE 75CL",£10.00/unit,10.0,£10.00 / 75cl,10.0,75,cl,13.3333,l,Buy any 6 or more save 25%,Buy any 6 or more save 25%
2015-11-04 09:44:29.227995,SAINSBURY,310421,"Red Wine, European, bottle",http://www.sainsburys.co.uk/shop/gb/groceries/drinks/red-wine,red wine ,0.5,"SAINSBURY'S RED WINE, BASICS 75CL",£3.65/unit,3.65,£3.65 / 75cl,3.65,75,cl,4.8667,l,Buy any 6 or more save 25%,Buy any 6 or more save 25%
2015-11-04 09:44:29.235404,SAINSBURY,310421,"Red Wine, European, bottle",http://www.sainsburys.co.uk/shop/gb/groceries/drinks/red-wine,red wine ,0.0,"SAINSBURY'S RIBERA DEL DUERO, TASTE THE DIFFERENCE 75CL",£8.00/unit,8.0,£8.00 / 75cl,8.0,75,cl,10.6667,l,Buy any 6 or more save 25%,Buy any 6 or more save 25%
2015-11-04 09:44:29.241047,SAINSBURY,310421,"Red Wine, European, bottle",http://www.sainsburys.co.uk/shop/gb/groceries/drinks/red-wine,red wine ,0.0,"SAINSBURY'S RIOJA CRIANZA, TASTE THE DIFFERENCE 18.7CL",£2.25/unit,2.25,£9.02 / 75cl,9.02,75,cl,12.0267,l,Buy any 6 or more save 25%,Buy any 6 or more save 25%
2015-11-04 09:44:29.246432,SAINSBURY,310421,"Red Wine, European, bottle",http://www.sainsburys.co.uk/shop/gb/groceries/drinks/red-wine,red wine ,0.0,SAINSBURY'S RIOJA RECIENTE 75CL,£5.00/unit,5.0,£5.00 / 75cl,5.0,75,cl,6.6667,l,Buy any 6 or more save 25%,Buy any 6 or more save 25%
2015-11-04 09:44:29.251787,SAINSBURY,310421,"Red Wine, European, bottle",http://www.sainsburys.co.uk/shop/gb/groceries/drinks/red-wine,red wine ,0.0,"SAINSBURY'S RIOJA RESERVA, TASTE THE DIFFERENCE 75CL",£7.00/unit,7.0,£7.00 / 75cl,7.0,75,cl,9.3333,l,"Only £7.00: Save £3.00,PLUS Buy any 6 or more save 25%","Only £7.00: Save £3.00,PLUS Buy any 6 or more save 25%"
2015-11-04 09:44:29.257122,SAINSBURY,310421,"Red Wine, European, bottle",http://www.sainsburys.co.uk/shop/gb/groceries/drinks/red-wine,red wine ,0.0,SAINSBURY'S SANGRIA 150CL,£9.00/unit,9.0,£4.50 / 75cl,4.5,75,cl,6.0,l,Buy any 6 or more save 25%,Buy any 6 or more save 25%
2015-11-04 09:44:29.262016,SAINSBURY,310421,"Red Wine, European, bottle",http://www.sainsburys.co.uk/shop/gb/groceries/drinks/red-wine,red wine ,0.0,"SAINSBURY'S SHIRAZ VIN DE PAYS D'OC, SO ORGANIC 75CL",£6.00/unit,6.0,£6.00 / 75cl,6.0,75,cl,8.0,l,Buy any 6 or more save 25%,Buy any 6 or more save 25%
2015-11-04 09:44:29.268360,SAINSBURY,310421,"Red Wine, European, bottle",http://www.sainsburys.co.uk/shop/gb/groceries/drinks/red-wine,red wine ,0.0,"SAINSBURY'S SIERRA DE ANDIA NAVARRA, TASTE THE DIFFERENCE 75CL",£5.50/unit,5.5,£5.50 / 75cl,5.5,75,cl,7.3333,l,"Only £5.50: Save £1.50,PLUS Buy any 6 or more save 25%","Only £5.50: Save £1.50,PLUS Buy any 6 or more save 25%"
2015-11-04 09:44:29.273054,SAINSBURY,310421,"Red Wine, European, bottle",http://www.sainsburys.co.uk/shop/gb/groceries/drinks/red-wine,red wine ,0.5,SAINSBURY'S SOUTH AFRICAN SOFT RED 75CL,£5.00/unit,5.0,£5.00 / 75cl,5.0,75,cl,6.6667,l,Buy any 6 or more save 25%,Buy any 6 or more save 25%
2015-11-04 09:44:29.277689,SAINSBURY,310421,"Red Wine, European, bottle",http://www.sainsburys.co.uk/shop/gb/groceries/drinks/red-wine,red wine ,0.0,"SAINSBURY'S ST-EMILION, TASTE THE DIFFERENCE 75CL",£10.00/unit,10.0,£10.00 / 75cl,10.0,75,cl,13.3333,l,Buy any 6 or more save 25%,Buy any 6 or more save 25%
2015-11-04 09:44:29.282059,SAINSBURY,310421,"Red Wine, European, bottle",http://www.sainsburys.co.uk/shop/gb/groceries/drinks/red-wine,red wine ,0.0,"SAINSBURY'S VINEDOS BARRIHUELO RIOJA CRIANZA, TASTE THE DIFFERENCE 75CL",£6.00/unit,6.0,£6.00 / 75cl,6.0,75,cl,8.0,l,"Only £6.00: Save £2.00,PLUS Buy any 6 or more save 25%","Only £6.00: Save £2.00,PLUS Buy any 6 or more save 25%"
2015-11-04 09:44:29.286703,SAINSBURY,310421,"Red Wine, European, bottle",http://www.sainsburys.co.uk/shop/gb/groceries/drinks/red-wine,red wine ,0.0,SAINSBURY'S WINEMAKER'S AUSTRALIAN CABERNET 75CL,£6.00/unit,6.0,£6.00 / 75cl,6.0,75,cl,8.0,l,Buy any 6 or more save 25%,Buy any 6 or more save 25%
2015-11-04 09:44:29.290843,SAINSBURY,310421,"Red Wine, European, bottle",http://www.sainsburys.co.uk/shop/gb/groceries/drinks/red-wine,red wine ,0.0,SAINSBURY'S WINEMAKER'S AUSTRALIAN CABERNET SHIRAZ 75CL,£6.00/unit,6.0,£6.00 / 75cl,6.0,75,cl,8.0,l,Buy any 6 or more save 25%,Buy any 6 or more save 25%
2015-11-04 09:44:29.294857,SAINSBURY,310421,"Red Wine, European, bottle",http://www.sainsburys.co.uk/shop/gb/groceries/drinks/red-wine,red wine ,0.0,SAINSBURY'S WINEMAKER'S AUSTRALIAN PETIT VERDOT 75CL,£6.00/unit,6.0,£6.00 / 75cl,6.0,75,cl,8.0,l,Buy any 6 or more save 25%,Buy any 6 or more save 25%
2015-11-04 09:44:29.298643,SAINSBURY,310421,"Red Wine, European, bottle",http://www.sainsburys.co.uk/shop/gb/groceries/drinks/red-wine,red wine ,0.0,SAINSBURY'S WINEMAKER'S AUSTRALIAN SHIRAZ 75CL,£5.00/unit,5.0,£5.00 / 75cl,5.0,75,cl,6.6667,l,Buy any 6 or more save 25%,Buy any 6 or more save 25%
2015-11-04 09:44:29.302396,SAINSBURY,310421,"Red Wine, European, bottle",http://www.sainsburys.co.uk/shop/gb/groceries/drinks/red-wine,red wine ,0.0,SAINSBURY'S WINEMAKERS' AUSTRALIAN MERLOT 75CL,£5.00/unit,5.0,£5.00 / 75cl,5.0,75,cl,6.6667,l,Buy any 6 or more save 25%,Buy any 6 or more save 25%
2015-11-04 09:44:29.305945,SAINSBURY,310421,"Red Wine, European, bottle",http://www.sainsburys.co.uk/shop/gb/groceries/drinks/red-wine,red wine ,0.0,SAINSBURY'S WINEMAKERS' CHIANTI 75CL,£6.00/unit,6.0,£6.00 / 75cl,6.0,75,cl,8.0,l,Buy any 6 or more save 25%,Buy any 6 or more save 25%
2015-11-04 09:44:29.309449,SAINSBURY,310421,"Red Wine, European, bottle",http://www.sainsburys.co.uk/shop/gb/groceries/drinks/red-wine,red wine ,0.0,SAINSBURY'S WINEMAKERS' CHILEAN CABERNET SAUVIGNON 75CL,£5.00/unit,5.0,£5.00 / 75cl,5.0,75,cl,6.6667,l,Buy any 6 or more save 25%,Buy any 6 or more save 25%
2015-11-04 09:44:29.312904,SAINSBURY,310421,"Red Wine, European, bottle",http://www.sainsburys.co.uk/shop/gb/groceries/drinks/red-wine,red wine ,0.0,SAINSBURY'S WINEMAKERS' CHILEAN MERLOT 75CL,£5.00/unit,5.0,£5.00 / 75cl,5.0,75,cl,6.6667,l,Buy any 6 or more save 25%,Buy any 6 or more save 25%
2015-11-04 09:44:29.316067,SAINSBURY,310421,"Red Wine, European, bottle",http://www.sainsburys.co.uk/shop/gb/groceries/drinks/red-wine,red wine ,0.0,SAINSBURY'S WINEMAKERS' CORBIERES 75CL,£5.00/unit,5.0,£5.00 / 75cl,5.0,75,cl,6.6667,l,Buy any 6 or more save 25%,Buy any 6 or more save 25%
2015-11-04 09:44:29.319102,SAINSBURY,310421,"Red Wine, European, bottle",http://www.sainsburys.co.uk/shop/gb/groceries/drinks/red-wine,red wine ,0.0,SAINSBURY'S WINEMAKERS' CÔTES DE BORDEAUX 75CL,£6.00/unit,6.0,£6.00 / 75cl,6.0,75,cl,8.0,l,Buy any 6 or more save 25%,Buy any 6 or more save 25%
2015-11-04 09:44:29.322047,SAINSBURY,310421,"Red Wine, European, bottle",http://www.sainsburys.co.uk/shop/gb/groceries/drinks/red-wine,red wine ,0.0,SAINSBURY'S WINEMAKERS' MALBEC 75CL,£5.00/unit,5.0,£5.00 / 75cl,5.0,75,cl,6.6667,l,Buy any 6 or more save 25%,Buy any 6 or more save 25%
2015-11-04 09:44:29.325175,SAINSBURY,310421,"Red Wine, European, bottle",http://www.sainsburys.co.uk/shop/gb/groceries/drinks/red-wine,red wine ,0.0,SAINSBURY'S WINEMAKERS' MERLOT 2.25L,£14.25/unit,14.25,£4.75 / 75cl,4.75,75,cl,6.3333,l,Buy any 6 or more save 25%,Buy any 6 or more save 25%
2015-11-04 09:44:29.328320,SAINSBURY,310421,"Red Wine, European, bottle",http://www.sainsburys.co.uk/shop/gb/groceries/drinks/red-wine,red wine ,0.0,SAINSBURY'S WINEMAKERS' MONTEPULCIANO D'ABRUZZO 75CL,£5.00/unit,5.0,£5.00 / 75cl,5.0,75,cl,6.6667,l,Buy any 6 or more save 25%,Buy any 6 or more save 25%
2015-11-04 09:44:29.333036,SAINSBURY,310421,"Red Wine, European, bottle",http://www.sainsburys.co.uk/shop/gb/groceries/drinks/red-wine,red wine ,0.0,SAINSBURY'S WINEMAKERS' NERO D'AVOLA 75CL,£6.00/unit,6.0,£6.00 / 75cl,6.0,75,cl,8.0,l,Buy any 6 or more save 25%,Buy any 6 or more save 25%
2015-11-04 09:44:29.483596,SAINSBURY,310419,"White Wine, European, bottle",http://www.sainsburys.co.uk/shop/gb/groceries/drinks/white-wine,white wine,0.5,"SAINSBURY'S WHITE WINE, BASICS 75CL",£3.65/unit,3.65,£3.65 / 75cl,3.65,75,cl,4.8667,l,Buy any 6 or more save 25%,Buy any 6 or more save 25%
2015-11-04 09:44:29.494196,SAINSBURY,310419,"White Wine, European, bottle",http://www.sainsburys.co.uk/shop/gb/groceries/drinks/white-wine,white wine,0.0,SAINSBURY'S WINEMAKERS' ANJOU BLANC 75CL,£5.00/unit,5.0,£5.00 / 75cl,5.0,75,cl,6.6667,l,Buy any 6 or more save 25%,Buy any 6 or more save 25%
2015-11-04 09:44:29.504291,SAINSBURY,310419,"White Wine, European, bottle",http://www.sainsburys.co.uk/shop/gb/groceries/drinks/white-wine,white wine,0.0,SAINSBURY'S WINEMAKERS' AUSTRALIAN CHARDONNAY 75CL,£5.00/unit,5.0,£5.00 / 75cl,5.0,75,cl,6.6667,l,Buy any 6 or more save 25%,Buy any 6 or more save 25%
2015-11-04 09:44:29.513845,SAINSBURY,310419,"White Wine, European, bottle",http://www.sainsburys.co.uk/shop/gb/groceries/drinks/white-wine,white wine,0.0,SAINSBURY'S WINEMAKERS' AUSTRALIAN PINOT GRIGIO 75CL,£6.00/unit,6.0,£6.00 / 75cl,6.0,75,cl,8.0,l,Buy any 6 or more save 25%,Buy any 6 or more save 25%
2015-11-04 09:44:29.523525,SAINSBURY,310419,"White Wine, European, bottle",http://www.sainsburys.co.uk/shop/gb/groceries/drinks/white-wine,white wine,0.0,SAINSBURY'S WINEMAKERS' AUSTRALIAN SAUVIGNON 75CL,£5.00/unit,5.0,£5.00 / 75cl,5.0,75,cl,6.6667,l,Buy any 6 or more save 25%,Buy any 6 or more save 25%
2015-11-04 09:44:29.532713,SAINSBURY,310419,"White Wine, European, bottle",http://www.sainsburys.co.uk/shop/gb/groceries/drinks/white-wine,white wine,0.0,SAINSBURY'S WINEMAKERS' CÔTES DE GASCOGNE 75CL,£5.00/unit,5.0,£5.00 / 75cl,5.0,75,cl,6.6667,l,Buy any 6 or more save 25%,Buy any 6 or more save 25%
2015-11-04 09:44:29.541979,SAINSBURY,310419,"White Wine, European, bottle",http://www.sainsburys.co.uk/shop/gb/groceries/drinks/white-wine,white wine,0.5,SAINSBURY'S WINEMAKERS' CÔTES DU RHÔNE RESERVE WHITE 75CL,£6.00/unit,6.0,£6.00 / 75cl,6.0,75,cl,8.0,l,Buy any 6 or more save 25%,Buy any 6 or more save 25%
2015-11-04 09:44:29.550945,SAINSBURY,310419,"White Wine, European, bottle",http://www.sainsburys.co.uk/shop/gb/groceries/drinks/white-wine,white wine,0.0,SAINSBURY'S WINEMAKERS' FALANGHINA 75CL,£5.00/unit,5.0,£5.00 / 75cl,5.0,75,cl,6.6667,l,"Only £5.00: Save £1.00,PLUS Buy any 6 or more save 25%","Only £5.00: Save £1.00,PLUS Buy any 6 or more save 25%"
2015-11-04 09:44:29.559770,SAINSBURY,310419,"White Wine, European, bottle",http://www.sainsburys.co.uk/shop/gb/groceries/drinks/white-wine,white wine,0.0,SAINSBURY'S WINEMAKERS' FIANO IGT DEL SALENTO 75CL,£5.00/unit,5.0,£5.00 / 75cl,5.0,75,cl,6.6667,l,Buy any 6 or more save 25%,Buy any 6 or more save 25%
2015-11-04 09:44:29.568461,SAINSBURY,310419,"White Wine, European, bottle",http://www.sainsburys.co.uk/shop/gb/groceries/drinks/white-wine,white wine,0.0,SAINSBURY'S WINEMAKERS' GAVI 75CL,£5.00/unit,5.0,£5.00 / 75cl,5.0,75,cl,6.6667,l,"Only £5.00: Save £1.00,PLUS Buy any 6 or more save 25%","Only £5.00: Save £1.00,PLUS Buy any 6 or more save 25%"
2015-11-04 09:44:29.577116,SAINSBURY,310419,"White Wine, European, bottle",http://www.sainsburys.co.uk/shop/gb/groceries/drinks/white-wine,white wine,0.0,SAINSBURY'S WINEMAKERS' LIMESTONE COAST CHARDONNAY 75CL,£5.00/unit,5.0,£5.00 / 75cl,5.0,75,cl,6.6667,l,"Only £5.00: Save £1.00,PLUS Buy any 6 or more save 25%","Only £5.00: Save £1.00,PLUS Buy any 6 or more save 25%"
2015-11-04 09:44:29.585555,SAINSBURY,310419,"White Wine, European, bottle",http://www.sainsburys.co.uk/shop/gb/groceries/drinks/white-wine,white wine,0.0,SAINSBURY'S WINEMAKERS' MARLBOROUGH SAUVIGNON BLANC 18.7CL,£1.75/unit,1.75,£7.02 / 75cl,7.02,75,cl,9.36,l,Buy any 6 or more save 25%,Buy any 6 or more save 25%
2015-11-04 09:44:29.593694,SAINSBURY,310419,"White Wine, European, bottle",http://www.sainsburys.co.uk/shop/gb/groceries/drinks/white-wine,white wine,0.0,SAINSBURY'S WINEMAKERS' MOSCATO 75CL,£5.00/unit,5.0,£5.00 / 75cl,5.0,75,cl,6.6667,l,Buy any 6 or more save 25%,Buy any 6 or more save 25%
2015-11-04 09:44:29.601471,SAINSBURY,310419,"White Wine, European, bottle",http://www.sainsburys.co.uk/shop/gb/groceries/drinks/white-wine,white wine,0.0,SAINSBURY'S WINEMAKERS' MUSCAT DE ST JEAN DE MINERVOIS 37.5CL,£5.00/unit,5.0,£10.00 / 75cl,10.0,75,cl,13.3333,l,Buy any 6 or more save 25%,Buy any 6 or more save 25%
2015-11-04 09:44:29.609150,SAINSBURY,310419,"White Wine, European, bottle",http://www.sainsburys.co.uk/shop/gb/groceries/drinks/white-wine,white wine,0.0,SAINSBURY'S WINEMAKERS' ORVIETO CLASSICO 75CL,£5.00/unit,5.0,£5.00 / 75cl,5.0,75,cl,6.6667,l,Buy any 6 or more save 25%,Buy any 6 or more save 25%
2015-11-04 09:44:29.616520,SAINSBURY,310419,"White Wine, European, bottle",http://www.sainsburys.co.uk/shop/gb/groceries/drinks/white-wine,white wine,0.0,SAINSBURY'S WINEMAKERS' PINOT GRIGIO 2.25L,£14.25/unit,14.25,£4.75 / 75cl,4.75,75,cl,6.3333,l,Buy any 6 or more save 25%,Buy any 6 or more save 25%
2015-11-04 09:44:29.623697,SAINSBURY,310419,"White Wine, European, bottle",http://www.sainsburys.co.uk/shop/gb/groceries/drinks/white-wine,white wine,0.0,SAINSBURY'S WINEMAKERS' PINOT GRIGIO CHARDONNAY 75CL,£5.00/unit,5.0,£5.00 / 75cl,5.0,75,cl,6.6667,l,Buy any 6 or more save 25%,Buy any 6 or more save 25%
2015-11-04 09:44:29.630543,SAINSBURY,310419,"White Wine, European, bottle",http://www.sainsburys.co.uk/shop/gb/groceries/drinks/white-wine,white wine,0.0,SAINSBURY'S WINEMAKERS' PINOT GRIGIO SICILIANE 75CL,£5.00/unit,5.0,£5.00 / 75cl,5.0,75,cl,6.6667,l,Buy any 6 or more save 25%,Buy any 6 or more save 25%
2015-11-04 09:44:29.637268,SAINSBURY,310419,"White Wine, European, bottle",http://www.sainsburys.co.uk/shop/gb/groceries/drinks/white-wine,white wine,0.0,SAINSBURY'S WINEMAKERS' RIESLING 75CL,£5.00/unit,5.0,£5.00 / 75cl,5.0,75,cl,6.6667,l,Buy any 6 or more save 25%,Buy any 6 or more save 25%
2015-11-04 09:44:29.643749,SAINSBURY,310419,"White Wine, European, bottle",http://www.sainsburys.co.uk/shop/gb/groceries/drinks/white-wine,white wine,0.0,SAINSBURY'S WINEMAKERS' RIVANER PINOT GRIGIO 75CL,£5.00/unit,5.0,£5.00 / 75cl,5.0,75,cl,6.6667,l,Buy any 6 or more save 25%,Buy any 6 or more save 25%
2015-11-04 09:44:29.649882,SAINSBURY,310419,"White Wine, European, bottle",http://www.sainsburys.co.uk/shop/gb/groceries/drinks/white-wine,white wine,0.0,SAINSBURY'S WINEMAKERS' SAUVIGNON COLOMBARD 75CL,£6.00/unit,6.0,£6.00 / 75cl,6.0,75,cl,8.0,l,Buy any 6 or more save 25%,Buy any 6 or more save 25%
2015-11-04 09:44:29.655763,SAINSBURY,310419,"White Wine, European, bottle",http://www.sainsburys.co.uk/shop/gb/groceries/drinks/white-wine,white wine,0.0,SAINSBURY'S WINEMAKERS' SOUTH AFICAN SAUVIGNON BLANC 75CL,£4.50/unit,4.5,£4.50 / 75cl,4.5,75,cl,6.0,l,"Only £4.50: Save £1.50,PLUS Buy any 6 or more save 25%","Only £4.50: Save £1.50,PLUS Buy any 6 or more save 25%"
2015-11-04 09:44:29.661701,SAINSBURY,310419,"White Wine, European, bottle",http://www.sainsburys.co.uk/shop/gb/groceries/drinks/white-wine,white wine,0.0,SAINSBURY'S WINEMAKERS' SOUTH AFRICAN CHENIN BLANC 75CL,£5.00/unit,5.0,£5.00 / 75cl,5.0,75,cl,6.6667,l,Buy any 6 or more save 25%,Buy any 6 or more save 25%
2015-11-04 09:44:29.667162,SAINSBURY,310419,"White Wine, European, bottle",http://www.sainsburys.co.uk/shop/gb/groceries/drinks/white-wine,white wine,0.0,SAINSBURY'S WINEMAKERS' SOUTH AFRICAN CHENIN CHARDONNAY 75CL,£6.00/unit,6.0,£6.00 / 75cl,6.0,75,cl,8.0,l,"Meal Deal for £10.00,PLUS Buy any 6 or more save 25%","Meal Deal for £10.00,PLUS Buy any 6 or more save 25%"
2015-11-04 09:44:29.673886,SAINSBURY,310419,"White Wine, European, bottle",http://www.sainsburys.co.uk/shop/gb/groceries/drinks/white-wine,white wine,0.0,SAINSBURY'S WINEMAKERS' TERRE SICILIANE BIANCO 75CL,£5.00/unit,5.0,£5.00 / 75cl,5.0,75,cl,6.6667,l,Buy any 6 or more save 25%,Buy any 6 or more save 25%
2015-11-04 09:44:29.679010,SAINSBURY,310419,"White Wine, European, bottle",http://www.sainsburys.co.uk/shop/gb/groceries/drinks/white-wine,white wine,0.0,SAINSBURY'S WINEMAKERS' VERNACCIA DI SAN GIMIGNANO 75CL,£5.00/unit,5.0,£5.00 / 75cl,5.0,75,cl,6.6667,l,Buy any 6 or more save 25%,Buy any 6 or more save 25%
2015-11-04 09:44:29.684141,SAINSBURY,310419,"White Wine, European, bottle",http://www.sainsburys.co.uk/shop/gb/groceries/drinks/white-wine,white wine,0.0,SAINTE CELINE CHABLIS PREMIER CRU MONT DE MILIEU 75CL,£17.00/unit,17.0,£17.00 / 75cl,17.0,75,cl,22.6667,l,"Only £17.00: Save £2.00,PLUS Buy any 6 or more save 25%","Only £17.00: Save £2.00,PLUS Buy any 6 or more save 25%"
2015-11-04 09:44:29.688928,SAINSBURY,310419,"White Wine, European, bottle",http://www.sainsburys.co.uk/shop/gb/groceries/drinks/white-wine,white wine,0.0,SANCERRE LA MOUSSIERE 75CL,£16.00/unit,16.0,£16.00 / 75cl,16.0,75,cl,21.3333,l,"Only £16.00: Save £2.00,PLUS Buy any 6 or more save 25%","Only £16.00: Save £2.00,PLUS Buy any 6 or more save 25%"
2015-11-04 09:44:30.265531,SAINSBURY,310421,"Red Wine, European, bottle",http://www.sainsburys.co.uk/shop/gb/groceries/drinks/red-wine,red wine ,0.0,SAINSBURY'S WINEMAKERS' SELECTION GRAN RESERVA 75CL,£6.00/unit,6.0,£6.00 / 75cl,6.0,75,cl,8.0,l,Buy any 6 or more save 25%,Buy any 6 or more save 25%
2015-11-04 09:44:30.274308,SAINSBURY,310421,"Red Wine, European, bottle",http://www.sainsburys.co.uk/shop/gb/groceries/drinks/red-wine,red wine ,0.0,SAINSBURY'S WINEMAKERS' SELECTION OLD VINE GARNACHA 75CL,£6.00/unit,6.0,£6.00 / 75cl,6.0,75,cl,8.0,l,Buy any 6 or more save 25%,Buy any 6 or more save 25%
2015-11-04 09:44:30.281784,SAINSBURY,310421,"Red Wine, European, bottle",http://www.sainsburys.co.uk/shop/gb/groceries/drinks/red-wine,red wine ,0.0,SAINSBURY'S WINEMAKERS' SOUTH AFRICAN MERLOT 75CL,£6.00/unit,6.0,£6.00 / 75cl,6.0,75,cl,8.0,l,"Meal Deal for £10.00,PLUS Buy any 6 or more save 25%","Meal Deal for £10.00,PLUS Buy any 6 or more save 25%"
2015-11-04 09:44:30.289153,SAINSBURY,310421,"Red Wine, European, bottle",http://www.sainsburys.co.uk/shop/gb/groceries/drinks/red-wine,red wine ,0.0,SAINSBURY'S WINEMAKERS' SOUTH AFRICAN PINOTAGE SHIRAZ 75CL,£6.00/unit,6.0,£6.00 / 75cl,6.0,75,cl,8.0,l,Buy any 6 or more save 25%,Buy any 6 or more save 25%
2015-11-04 09:44:30.295820,SAINSBURY,310421,"Red Wine, European, bottle",http://www.sainsburys.co.uk/shop/gb/groceries/drinks/red-wine,red wine ,0.0,SAINSBURY'S WINEMAKERS' SOUTH AFRICAN SHIRAZ CABERNET 75CL,£4.50/unit,4.5,£4.50 / 75cl,4.5,75,cl,6.0,l,"Only £4.50: Save £1.50,PLUS Buy any 6 or more save 25%","Only £4.50: Save £1.50,PLUS Buy any 6 or more save 25%"
2015-11-04 09:44:30.303110,SAINSBURY,310421,"Red Wine, European, bottle",http://www.sainsburys.co.uk/shop/gb/groceries/drinks/red-wine,red wine ,0.0,SAINSBURY'S WINEMAKERS' SOUTH AUSTRALIAN SHIRAZ 75CL,£6.00/unit,6.0,£6.00 / 75cl,6.0,75,cl,8.0,l,Buy any 6 or more save 25%,Buy any 6 or more save 25%
2015-11-04 09:44:30.311212,SAINSBURY,310421,"Red Wine, European, bottle",http://www.sainsburys.co.uk/shop/gb/groceries/drinks/red-wine,red wine ,0.0,SAINSBURY'S WINEMAKERS' TORLA RIOJA 75CL,£5.00/unit,5.0,£5.00 / 75cl,5.0,75,cl,6.6667,l,Buy any 6 or more save 25%,Buy any 6 or more save 25%
2015-11-04 09:44:30.319998,SAINSBURY,310421,"Red Wine, European, bottle",http://www.sainsburys.co.uk/shop/gb/groceries/drinks/red-wine,red wine ,0.0,SAINSBURY'S WINEMAKERS' VALPOLICELLA 75CL,£5.00/unit,5.0,£5.00 / 75cl,5.0,75,cl,6.6667,l,"Only £5.00: Save £1.00,PLUS Buy any 6 or more save 25%","Only £5.00: Save £1.00,PLUS Buy any 6 or more save 25%"
2015-11-04 09:44:30.328745,SAINSBURY,310421,"Red Wine, European, bottle",http://www.sainsburys.co.uk/shop/gb/groceries/drinks/red-wine,red wine ,0.0,SAINSBURY'S WINEMAKERS' VIN DE PAYS D'OC MERLOT 18.7CL,£1.75/unit,1.75,£7.02 / 75cl,7.02,75,cl,9.36,l,Buy any 6 or more save 25%,Buy any 6 or more save 25%
2015-11-04 09:44:30.337263,SAINSBURY,310421,"Red Wine, European, bottle",http://www.sainsburys.co.uk/shop/gb/groceries/drinks/red-wine,red wine ,0.0,SAINSBURY'S WINEMAKERS' VIN DE PAYS D'OC MERLOT 75CL,£5.00/unit,5.0,£5.00 / 75cl,5.0,75,cl,6.6667,l,"Only £5.00: Save £1.00,PLUS Buy any 6 or more save 25%","Only £5.00: Save £1.00,PLUS Buy any 6 or more save 25%"
2015-11-04 09:44:30.345469,SAINSBURY,310421,"Red Wine, European, bottle",http://www.sainsburys.co.uk/shop/gb/groceries/drinks/red-wine,red wine ,0.0,SANCERRE PINTO NOIR LES CHAMPS CLOS 75CL,£10.00/unit,10.0,£10.00 / 75cl,10.0,75,cl,13.3333,l,"Only £10.00: Save £2.00,PLUS Buy any 6 or more save 25%","Only £10.00: Save £2.00,PLUS Buy any 6 or more save 25%"
2015-11-04 09:44:30.353704,SAINSBURY,310421,"Red Wine, European, bottle",http://www.sainsburys.co.uk/shop/gb/groceries/drinks/red-wine,red wine ,0.0,SERRE ALTA BAROLO RISERVA 75CL,£23.00/unit,23.0,£23.00 / 75cl,23.0,75,cl,30.6667,l,Buy any 6 or more save 25%,Buy any 6 or more save 25%
2015-11-04 09:44:30.361647,SAINSBURY,310421,"Red Wine, European, bottle",http://www.sainsburys.co.uk/shop/gb/groceries/drinks/red-wine,red wine ,0.0,SPALETTI BRUNELLO DI MONTALCINO 75CL,£23.00/unit,23.0,£23.00 / 75cl,23.0,75,cl,30.6667,l,Buy any 6 or more save 25%,Buy any 6 or more save 25%
2015-11-04 09:44:30.369603,SAINSBURY,310421,"Red Wine, European, bottle",http://www.sainsburys.co.uk/shop/gb/groceries/drinks/red-wine,red wine ,0.0,STAMFORD BROOK MERLOT 75CL,£6.00/unit,6.0,£6.00 / 75cl,6.0,75,cl,8.0,l,Buy any 6 or more save 25%,Buy any 6 or more save 25%
2015-11-04 09:44:30.377310,SAINSBURY,310421,"Red Wine, European, bottle",http://www.sainsburys.co.uk/shop/gb/groceries/drinks/red-wine,red wine ,0.0,STAMFORD BROOK SHIRAZ 75CL,£4.75/unit,4.75,£4.75 / 75cl,4.75,75,cl,6.3333,l,"Only £4.75: Save £1.25,PLUS Buy any 6 or more save 25%","Only £4.75: Save £1.25,PLUS Buy any 6 or more save 25%"
2015-11-04 09:44:30.385238,SAINSBURY,310421,"Red Wine, European, bottle",http://www.sainsburys.co.uk/shop/gb/groceries/drinks/red-wine,red wine ,0.0,STONEBERG PINOTAGE SHIRAZ 75CL,£4.50/unit,4.5,£4.50 / 75cl,4.5,75,cl,6.0,l,"Only £4.50: Save £1.50,PLUS Buy any 6 or more save 25%","Only £4.50: Save £1.50,PLUS Buy any 6 or more save 25%"
2015-11-04 09:44:30.392418,SAINSBURY,310421,"Red Wine, European, bottle",http://www.sainsburys.co.uk/shop/gb/groceries/drinks/red-wine,red wine ,0.0,TERRES DE GALETS CÔTES DU RHÔNE 75CL,£7.00/unit,7.0,£7.00 / 75cl,7.0,75,cl,9.3333,l,Buy any 6 or more save 25%,Buy any 6 or more save 25%
2015-11-04 09:44:30.399550,SAINSBURY,310421,"Red Wine, European, bottle",http://www.sainsburys.co.uk/shop/gb/groceries/drinks/red-wine,red wine ,0.0,THE LITTLE PENGUIN SHIRAZ 75CL,£6.50/unit,6.5,£6.50 / 75cl,6.5,75,cl,8.6667,l,Buy any 6 or more save 25%,Buy any 6 or more save 25%
2015-11-04 09:44:30.406272,SAINSBURY,310421,"Red Wine, European, bottle",http://www.sainsburys.co.uk/shop/gb/groceries/drinks/red-wine,red wine ,0.5,THREE MILLS SELECT RED 75CL,£3.50/unit,3.5,£3.50 / 75cl,3.5,75,cl,4.6667,l,Buy any 6 or more save 25%,Buy any 6 or more save 25%
2015-11-04 09:44:30.411019,SAINSBURY,310421,"Red Wine, European, bottle",http://www.sainsburys.co.uk/shop/gb/groceries/drinks/red-wine,red wine ,0.0,TIGER HORSE SHIRAZ MOURVEDRE 75CL,£7.00/unit,7.0,£7.00 / 75cl,7.0,75,cl,9.3333,l,Buy any 6 or more save 25%,Buy any 6 or more save 25%
2015-11-04 09:44:30.415887,SAINSBURY,310421,"Red Wine, European, bottle",http://www.sainsburys.co.uk/shop/gb/groceries/drinks/red-wine,red wine ,0.0,TORRETTA DI MONDELLI NERO D'AVOLA 75CL,£5.00/unit,5.0,£5.00 / 75cl,5.0,75,cl,6.6667,l,"Only £5.00: Save £1.50,PLUS Buy any 6 or more save 25%","Only £5.00: Save £1.50,PLUS Buy any 6 or more save 25%"
2015-11-04 09:44:30.420946,SAINSBURY,310421,"Red Wine, European, bottle",http://www.sainsburys.co.uk/shop/gb/groceries/drinks/red-wine,red wine ,0.0,TURNER ROAD MERLOT 75CL,£5.25/unit,5.25,£5.25 / 75cl,5.25,75,cl,7.0,l,"Only £5.25: Save £1.25,PLUS Buy any 6 or more save 25%","Only £5.25: Save £1.25,PLUS Buy any 6 or more save 25%"
2015-11-04 09:44:30.424755,SAINSBURY,310421,"Red Wine, European, bottle",http://www.sainsburys.co.uk/shop/gb/groceries/drinks/red-wine,red wine ,0.0,VILLA MARIA CELLAR PINOT NOIR 75CL,£15.00/unit,15.0,£15.00 / 75cl,15.0,75,cl,20.0,l,Buy any 6 or more save 25%,Buy any 6 or more save 25%
2015-11-04 09:44:30.427932,SAINSBURY,310421,"Red Wine, European, bottle",http://www.sainsburys.co.uk/shop/gb/groceries/drinks/red-wine,red wine ,0.0,VINA MAIPO MERLOT 75CL,£6.50/unit,6.5,£6.50 / 75cl,6.5,75,cl,8.6667,l,Buy any 6 or more save 25%,Buy any 6 or more save 25%
2015-11-04 09:44:30.430893,SAINSBURY,310421,"Red Wine, European, bottle",http://www.sainsburys.co.uk/shop/gb/groceries/drinks/red-wine,red wine ,0.0,VINALBA CABERNET SAUVIGNON MALBEC MERLOT 75CL,£8.00/unit,8.0,£8.00 / 75cl,8.0,75,cl,10.6667,l,"Only £8.00: Save £2.00,PLUS Buy any 6 or more save 25%","Only £8.00: Save £2.00,PLUS Buy any 6 or more save 25%"
2015-11-04 09:44:30.433838,SAINSBURY,310421,"Red Wine, European, bottle",http://www.sainsburys.co.uk/shop/gb/groceries/drinks/red-wine,red wine ,0.0,WARWICK FIRST LADY CABERNET SAUVIGNON 75CL,£10.00/unit,10.0,£10.00 / 75cl,10.0,75,cl,13.3333,l,Buy any 6 or more save 25%,Buy any 6 or more save 25%
2015-11-04 09:44:30.436690,SAINSBURY,310421,"Red Wine, European, bottle",http://www.sainsburys.co.uk/shop/gb/groceries/drinks/red-wine,red wine ,0.0,WILD PIXIE SHIRAZ 75CL,£17.00/unit,17.0,£17.00 / 75cl,17.0,75,cl,22.6667,l,Buy any 6 or more save 25%,Buy any 6 or more save 25%
2015-11-04 09:44:30.439259,SAINSBURY,310421,"Red Wine, European, bottle",http://www.sainsburys.co.uk/shop/gb/groceries/drinks/red-wine,red wine ,0.0,WILLIAM HARDY CABERNET SAUVIGNON 75CL,£9.00/unit,9.0,£9.00 / 75cl,9.0,75,cl,12.0,l,Buy any 6 or more save 25%,Buy any 6 or more save 25%
2015-11-04 09:44:30.472511,SAINSBURY,310419,"White Wine, European, bottle",http://www.sainsburys.co.uk/shop/gb/groceries/drinks/white-wine,white wine,0.0,THE KAURI TREE SAUVIGNON BLANC 75CL,£7.00/unit,7.0,£7.00 / 75cl,7.0,75,cl,9.3333,l,"Only £7.00: Save £1.00,PLUS Buy any 6 or more save 25%","Only £7.00: Save £1.00,PLUS Buy any 6 or more save 25%"
2015-11-04 09:44:30.477236,SAINSBURY,310419,"White Wine, European, bottle",http://www.sainsburys.co.uk/shop/gb/groceries/drinks/white-wine,white wine,0.0,THE LITTLE PENGUIN CHARDONNAY 75CL,£6.50/unit,6.5,£6.50 / 75cl,6.5,75,cl,8.6667,l,Buy any 6 or more save 25%,Buy any 6 or more save 25%
2015-11-04 09:44:30.481644,SAINSBURY,310419,"White Wine, European, bottle",http://www.sainsburys.co.uk/shop/gb/groceries/drinks/white-wine,white wine,0.0,THE NED PINOT GRIGIO 75CL,£9.00/unit,9.0,£9.00 / 75cl,9.0,75,cl,12.0,l,Buy any 6 or more save 25%,Buy any 6 or more save 25%
2015-11-04 09:44:30.485918,SAINSBURY,310419,"White Wine, European, bottle",http://www.sainsburys.co.uk/shop/gb/groceries/drinks/white-wine,white wine,0.5,THREE MILLS SELECT WHITE 75CL,£3.50/unit,3.5,£3.50 / 75cl,3.5,75,cl,4.6667,l,Buy any 6 or more save 25%,Buy any 6 or more save 25%
2015-11-04 09:44:30.490067,SAINSBURY,310419,"White Wine, European, bottle",http://www.sainsburys.co.uk/shop/gb/groceries/drinks/white-wine,white wine,0.0,TIGER HORSE CHENIN PINOT GRIGIO 75CL,£7.00/unit,7.0,£7.00 / 75cl,7.0,75,cl,9.3333,l,Buy any 6 or more save 25%,Buy any 6 or more save 25%
2015-11-04 09:44:30.494017,SAINSBURY,310419,"White Wine, European, bottle",http://www.sainsburys.co.uk/shop/gb/groceries/drinks/white-wine,white wine,0.0,TOHORA POINT SAUVIGNON BLANC 75CL,£6.50/unit,6.5,£6.50 / 75cl,6.5,75,cl,8.6667,l,"Only £6.50: Save £1.50,PLUS Buy any 6 or more save 25%","Only £6.50: Save £1.50,PLUS Buy any 6 or more save 25%"
2015-11-04 09:44:30.497866,SAINSBURY,310419,"White Wine, European, bottle",http://www.sainsburys.co.uk/shop/gb/groceries/drinks/white-wine,white wine,0.0,TORRES VINA SOL 75CL,£6.50/unit,6.5,£6.50 / 75cl,6.5,75,cl,8.6667,l,Buy any 6 or more save 25%,Buy any 6 or more save 25%
2015-11-04 09:44:30.501647,SAINSBURY,310419,"White Wine, European, bottle",http://www.sainsburys.co.uk/shop/gb/groceries/drinks/white-wine,white wine,0.0,TORRETTA DI MONDELLI PINOT GRIGIO 75CL,£5.00/unit,5.0,£5.00 / 75cl,5.0,75,cl,6.6667,l,"Only £5.00: Save £1.00,PLUS Buy any 6 or more save 25%","Only £5.00: Save £1.00,PLUS Buy any 6 or more save 25%"
2015-11-04 09:44:30.505297,SAINSBURY,310419,"White Wine, European, bottle",http://www.sainsburys.co.uk/shop/gb/groceries/drinks/white-wine,white wine,0.0,TURNER ROAD RESERVE CHARDONNAY 75CL,£5.25/unit,5.25,£5.25 / 75cl,5.25,75,cl,7.0,l,"Only £5.25: Save £1.25,PLUS Buy any 6 or more save 25%","Only £5.25: Save £1.25,PLUS Buy any 6 or more save 25%"
2015-11-04 09:44:30.508758,SAINSBURY,310419,"White Wine, European, bottle",http://www.sainsburys.co.uk/shop/gb/groceries/drinks/white-wine,white wine,0.0,UNICO PINOT GRIGIO 75CL,£5.00/unit,5.0,£5.00 / 75g,5.0,75,g,66.6667,kg,"Only £5.00: Save £1.50,PLUS Buy any 6 or more save 25%","Only £5.00: Save £1.50,PLUS Buy any 6 or more save 25%"
2015-11-04 09:44:30.513075,SAINSBURY,310419,"White Wine, European, bottle",http://www.sainsburys.co.uk/shop/gb/groceries/drinks/white-wine,white wine,0.0,VILLA MARIA PRIVATE BIN SAUVIGNON BLANC 75CL,£8.00/unit,8.0,£8.00 / 75cl,8.0,75,cl,10.6667,l,"Only £8.00: Save £2.00,PLUS Buy any 6 or more save 25%","Only £8.00: Save £2.00,PLUS Buy any 6 or more save 25%"
2015-11-04 09:44:30.519115,SAINSBURY,310419,"White Wine, European, bottle",http://www.sainsburys.co.uk/shop/gb/groceries/drinks/white-wine,white wine,0.0,VINA MAIPO CHARDONNAY 75CL,£6.50/unit,6.5,£6.50 / 75cl,6.5,75,cl,8.6667,l,Buy any 6 or more save 25%,Buy any 6 or more save 25%
2015-11-04 09:44:30.524445,SAINSBURY,310419,"White Wine, European, bottle",http://www.sainsburys.co.uk/shop/gb/groceries/drinks/white-wine,white wine,0.0,VINA MAIPO SAUVIGNON BLANC 75CL,£6.50/unit,6.5,£6.50 / 75cl,6.5,75,cl,8.6667,l,Buy any 6 or more save 25%,Buy any 6 or more save 25%
2015-11-04 09:44:30.527541,SAINSBURY,310419,"White Wine, European, bottle",http://www.sainsburys.co.uk/shop/gb/groceries/drinks/white-wine,white wine,0.0,WOLF BLASS RED LABEL CHARDONNAY SEMILLON 75CL,£6.00/unit,6.0,£6.00 / 75cl,6.0,75,cl,8.0,l,"Only £6.00: Save £2.00,PLUS Buy any 6 or more save 25%","Only £6.00: Save £2.00,PLUS Buy any 6 or more save 25%"
2015-11-04 09:44:30.531931,SAINSBURY,310419,"White Wine, European, bottle",http://www.sainsburys.co.uk/shop/gb/groceries/drinks/white-wine,white wine,0.0,WOLF BLASS YELLOW LABEL CHARDONNAY 75CL,£10.00/unit,10.0,£10.00 / 75cl,10.0,75,cl,13.3333,l,Buy any 6 or more save 25%,Buy any 6 or more save 25%
2015-11-04 09:44:30.535819,SAINSBURY,310419,"White Wine, European, bottle",http://www.sainsburys.co.uk/shop/gb/groceries/drinks/white-wine,white wine,0.0,WOLLEMI CHARDONNAY 75CL,£5.50/unit,5.5,£5.50 / 75cl,5.5,75,cl,7.3333,l,Buy any 6 or more save 25%,Buy any 6 or more save 25%
2015-11-04 09:44:30.612846,SAINSBURY,310421,"Red Wine, European, bottle",http://www.sainsburys.co.uk/shop/gb/groceries/drinks/red-wine,red wine ,0.0,WOLLEMI SHIRAZ 75CL,£5.50/unit,5.5,£5.50 / 75cl,5.5,75,cl,7.3333,l,"Buy any 2 for £10.00,PLUS Buy any 6 or more save 25%","Buy any 2 for £10.00,PLUS Buy any 6 or more save 25%"
